% Encoding: UTF-8
@ARTICLE{Feruglio2010A&A...518L.155F,
       author = {{Feruglio}, C. and {Maiolino}, R. and {Piconcelli}, E. and {Menci}, N. and
         {Aussel}, H. and {Lamastra}, A. and {Fiore}, F.},
        title = "{Quasar feedback revealed by giant molecular outflows}",
      journal = {\aap},
     keywords = {galaxies: active, galaxies: individual: Mrk 231, quasars: general, galaxies: evolution, Astrophysics - Cosmology and Nongalactic Astrophysics},
         year = 2010,
        month = jul,
       volume = {518},
          eid = {L155},
        pages = {L155},
          doi = {10.1051/0004-6361/201015164},
archivePrefix = {arXiv},
       eprint = {1006.1655},
 primaryClass = {astro-ph.CO},
       adsurl = {https://ui.adsabs.harvard.edu/abs/2010A&A...518L.155F},
      adsnote = {Provided by the SAO/NASA Astrophysics Data System}
}


@ARTICLE{Tremonti2007ApJ...663L..77T,
       author = {{Tremonti}, Christy A. and {Moustakas}, John and {Diamond-Stanic}, Aleksand
        ar M.},
        title = "{The Discovery of 1000 km s$^{-1}$ Outflows in Massive Poststarburst Galaxies at z=0.6}",
      journal = {\apjl},
     keywords = {Galaxies: Evolution, Galaxies: ISM, Galaxies: Starburst, Galaxies: Quasars: Absorption Lines, Astrophysics},
         year = 2007,
        month = jul,
       volume = {663},
       number = {2},
        pages = {L77-L80},
          doi = {10.1086/520083},
archivePrefix = {arXiv},
       eprint = {0706.0527},
 primaryClass = {astro-ph},
       adsurl = {https://ui.adsabs.harvard.edu/abs/2007ApJ...663L..77T},
      adsnote = {Provided by the SAO/NASA Astrophysics Data System}
}



@article{haardt2001modelling,
  title={Modelling the UV/X-ray cosmic background with CUBA},
  author={Haardt, Francesco and Madau, Piero},
  journal={arXiv preprint},
  year={2001}
}
@article{dunn2010quasar,
  title={The quasar outflow contribution to AGN feedback: VLT measurements of SDSS J0318-0600},
  author={Dunn, Jay P and Bautista, Manuel and Arav, Nahum and Moe, Max and Korista, Kirk and Costantini, Elisa and Benn, Chris and Ellison, Sara and Edmonds, Doug},
  journal={\apj},
  volume={709},
  number={2},
  pages={611},
  year={2010},
  publisher={IOP Publishing}
}



@article{deKool2001keck,
  title={Keck HIRES observations of the QSO FIRST J104459. 6+ 365605: evidence for a large-scale outflow},
  author={De Kool, Martijn and Arav, Nahum and Becker, Robert H and Gregg, Michael D and White, Richard L and Laurent-Muehleisen, Sally A and Price, Trevor and Korista, Kirk T},
  journal={\apj},
  volume={548},
  number={2},
  pages={609},
  year={2001},
  publisher={IOP Publishing}
}

@Article{Fagotto.etal.1994a,
  author  = {{Fagotto}, F. and {Bressan}, A. and {Bertelli}, G. and {Chiosi}, C.},
  title   = {{Evolutionary sequences of stellar models with new radiative opacities. III. Z=0.0004 and Z=0.05}},
  pages   = {365-376},
  volume  = {104},
  adsurl  = {http://adsabs.harvard.edu/abs/1994A%26AS..104..365F},
  journal = {\aaps},
  month   = apr,
  year    = {1994},
}

@Article{Fagotto.etal.1994b,
  author  = {{Fagotto}, F. and {Bressan}, A. and {Bertelli}, G. and {Chiosi}, C.},
  title   = {{Evolutionary sequences of stellar models with new radiative opacities. IV. Z=0.004 and Z=0.008}},
  pages   = {29-38},
  volume  = {105},
  adsurl  = {http://adsabs.harvard.edu/abs/1994A%26AS..105...29F},
  journal = {\aaps},
  month   = may,
  year    = {1994},
}

@Article{Saintonge2016,
  author        = {{Saintonge}, Amelie and {Catinella}, Barbara and {Cortese}, Luca and {Genzel}, Reinhard and {Giovanelli}, Riccardo and {Haynes}, Martha P. and {Janowiecki}, Steven and {Kramer}, Carsten and {Lutz}, Katharina A. and {Schiminovich}, David and {Tacconi}, Linda J. and {Wuyts}, Stijn and {Accurso}, Gioacchino},
  title         = {{Molecular and atomic gas along and across the main sequence of star-forming galaxies}},
  doi           = {10.1093/mnras/stw1715},
  eprint        = {1607.05289},
  number        = {2},
  pages         = {1749--1756},
  volume        = {462},
  adsnote       = {Provided by the SAO/NASA Astrophysics Data System},
  adsurl        = {https://ui.adsabs.harvard.edu/abs/2016MNRAS.462.1749S},
  archiveprefix = {arXiv},
  journal       = {\mnras},
  keywords      = {ISM: general, galaxies: evolution, galaxies: ISM, galaxies: star formation, Astrophysics - Astrophysics of Galaxies},
  month         = oct,
  primaryclass  = {astro-ph.GA},
  year          = {2016},
}

@Article{shioya2000effects,
  author    = {Shioya, Yasuhiro and Bekki, Kenji},
  title     = {Effects of dust extinction on optical spectroscopic properties for starburst galaxies in distant clusters},
  number    = {1},
  pages     = {L29},
  volume    = {539},
  journal   = {\apjlett},
  publisher = {IOP Publishing},
  year      = {2000},
}

@Article{bournaud2005galaxy,
  author    = {Bournaud, Frederic and Jog, CJ and Combes, F},
  title     = {Galaxy mergers with various mass ratios: Properties of remnants},
  number    = {1},
  pages     = {69--85},
  volume    = {437},
  journal   = {\aap},
  publisher = {EDP Sciences},
  year      = {2005},
}

@Article{Wild2020star,
  author        = {{Wild}, Vivienne and {Aldeen}, Laith Taj and {Carnall}, Adam and {Maltby}, David and {Almaini}, Omar and {Werle}, Ariel and {Wilkinson}, Aaron and {Rowlands}, Kate and {Bolzonella}, Micol and {Castellano}, Marco and {Gargiulo}, Adriana and {McLure}, Ross and {Pentericci}, Laura and {Pozzetti}, Lucia},
  title         = {{The star formation histories of z{\ensuremath{\sim}}1 post-starburst galaxies}},
  doi           = {10.1093/mnras/staa674},
  eprint        = {2001.09154},
  adsnote       = {Provided by the SAO/NASA Astrophysics Data System},
  adsurl        = {https://ui.adsabs.harvard.edu/abs/2020MNRAS.tmp..632W},
  archiveprefix = {arXiv},
  journal       = {\mnras},
  keywords      = {galaxies: formation, evolution, stellar content, starburst, Astrophysics - Astrophysics of Galaxies},
  month         = mar,
  primaryclass  = {astro-ph.GA},
  year          = {2020},
}

@Book{Sedov1959,
  author  = {{Sedov}, L.~I.},
  title   = {{Similarity and Dimensional Methods in Mechanics}},
  adsnote = {Provided by the SAO/NASA Astrophysics Data System},
  adsurl  = {https://ui.adsabs.harvard.edu/abs/1959sdmm.book.....S},
  year    = {1959},
}

@Article{SanchezBlazquez.etal.2006a,
  author  = {{S{\'a}nchez-Bl{\'a}zquez}, P. and {Peletier}, R.~F. and {Jim{\'e}nez-Vicente}, J. and {Cardiel}, N. and {Cenarro}, A.~J. and {Falc{\'o}n-Barroso}, J. and {Gorgas}, J. and {Selam}, S. and {Vazdekis}, A.},
  title   = {{Medium-resolution Isaac Newton Telescope library of empirical spectra}},
  doi     = {10.1111/j.1365-2966.2006.10699.x},
  pages   = {703--718},
  volume  = {371},
  adsurl  = {http://adsabs.harvard.edu/abs/2006MNRAS.371..703S},
  journal = {\mnras},
  month   = sep,
  year    = {2006},
}

@Article{hernquist1990analytical,
  author  = {Hernquist, Lars},
  title   = {An analytical model for spherical galaxies and bulges},
  pages   = {359--364},
  volume  = {356},
  journal = {\apj},
  year    = {1990},
}

@Article{Iwamoto1999,
  author        = {{Iwamoto}, Koichi and {Brachwitz}, Franziska and {Nomoto}, Ken'ICHI and {Kishimoto}, Nobuhiro and {Umeda}, Hideyuki and {Hix}, W. Raphael and {Thielemann}, Friedrich-Karl},
  title         = {{Nucleosynthesis in Chandrasekhar Mass Models for Type IA Supernovae and Constraints on Progenitor Systems and Burning-Front Propagation}},
  doi           = {10.1086/313278},
  eprint        = {astro-ph/0002337},
  number        = {2},
  pages         = {439--462},
  volume        = {125},
  adsnote       = {Provided by the SAO/NASA Astrophysics Data System},
  adsurl        = {https://ui.adsabs.harvard.edu/abs/1999ApJS..125..439I},
  archiveprefix = {arXiv},
  journal       = {\apjs},
  keywords      = {NUCLEAR REACTIONS, NUCLEOSYNTHESIS, ABUNDANCES, STARS: INTERIORS, SUPERNOVAE: GENERAL, Nuclear Reactions, Nucleosynthesis, Abundances, Stars: Interiors, supernovae: general, Astrophysics},
  month         = dec,
  primaryclass  = {astro-ph},
  year          = {1999},
}

@Article{Mihos1996,
  author        = {{Mihos}, J. Christopher and {Hernquist}, Lars},
  title         = {{Gasdynamics and Starbursts in Major Mergers}},
  doi           = {10.1086/177353},
  eprint        = {astro-ph/9512099},
  pages         = {641},
  volume        = {464},
  adsnote       = {Provided by the SAO/NASA Astrophysics Data System},
  adsurl        = {https://ui.adsabs.harvard.edu/abs/1996ApJ...464..641M},
  archiveprefix = {arXiv},
  journal       = {\apj},
  keywords      = {GALAXIES: ACTIVE, GALAXIES: INTERACTIONS, GALAXIES: STARBURST, GALAXIES: STRUCTURE, METHODS: NUMERICAL, Astrophysics},
  month         = jun,
  primaryclass  = {astro-ph},
  year          = {1996},
}

@Article{eisenreich2017active,
  author    = {Eisenreich, Maximilian and Naab, Thorsten and Choi, Ena and Ostriker, Jeremiah P and Emsellem, Eric},
  title     = {Active galactic nuclei feedback, quiescence and circumgalactic medium metal enrichment in early-type galaxies},
  number    = {1},
  pages     = {751--768},
  volume    = {468},
  journal   = {\mnras},
  publisher = {Oxford University Press},
  year      = {2017},
}

@Article{Chen2019,
  author        = {Chen, Yan Mei and Shi, Yong and Wild, Vivienne and Tremonti, Christy and Rowlands, Kate and Bizyaev, Dmitry and Yan, Renbin and Lin, Lihwai and Riffel, Rog{\'{e}}rio},
  title         = {{Post-starburst galaxies in SDSS-IV MaNGA}},
  doi           = {10.1093/mnras/stz2494},
  eprint        = {1909.01658},
  issn          = {13652966},
  number        = {4},
  pages         = {5709--5722},
  volume        = {489},
  archiveprefix = {arXiv},
  arxivid       = {1909.01658},
  journal       = {\mnras},
  keywords      = {Galaxies: evolution,Galaxies: star formation},
  year          = {2019},
}

@Article{pawlik2018origins,
  author    = {Pawlik, Milena M and Taj Aldeen, Layth and Wild, Vivienne and Mendez-Abreu, Jairo and Lah{\'e}n, Natalia and Johansson, Peter H and Jimenez, Noelia and Lucas, William and Zheng, Yirui and Walcher, C Jakob and others},
  title     = {The origins of post-starburst galaxies at z< 0.05},
  number    = {2},
  pages     = {1708--1743},
  volume    = {477},
  journal   = {\mnras},
  publisher = {Oxford University Press},
  year      = {2018},
}

@Article{Kaviraj2007,
  author        = {Kaviraj, S. and Kirkby, L. A. and Silk, J. and Sarzi, M.},
  title         = {{The UV properties of E+A galaxies: Constraints on feedback-driven quenching of star formation}},
  doi           = {10.1111/j.1365-2966.2007.12475.x},
  eprint        = {0707.3570},
  issn          = {00358711},
  number        = {3},
  pages         = {960--970},
  volume        = {382},
  archiveprefix = {arXiv},
  arxivid       = {0707.3570},
  journal       = {\mnras},
  keywords      = {Galaxies: elliptical and lenticular, cD,Galaxies: evolution,Galaxies: formation,Galaxies: fundamental parameters},
  year          = {2007},
}

@Article{bruzual2003stellar,
  author    = {Bruzual, G and Charlot, Stephane},
  title     = {Stellar population synthesis at the resolution of 2003},
  number    = {4},
  pages     = {1000--1028},
  volume    = {344},
  journal   = {\mnras},
  publisher = {Blackwell Science Ltd Oxford, UK},
  year      = {2003},
}

@Article{dressler1983spectroscopy,
  author  = {Dressler, A and Gunn, JE},
  title   = {Spectroscopy of galaxies in distant clusters. II-The population of the 3C 295 cluster},
  pages   = {7--19},
  volume  = {270},
  journal = {\apj},
  year    = {1983},
}

@Article{Baldry_2004,
  author    = {Ivan K. Baldry and Karl Glazebrook and Jon Brinkmann and {\v{Z}}eljko Ivezi{\'{c}} and Robert H. Lupton and Robert C. Nichol and Alexander S. Szalay},
  title     = {Quantifying the Bimodal Color-Magnitude Distribution of Galaxies},
  doi       = {10.1086/380092},
  number    = {2},
  pages     = {681--694},
  url       = {https://doi.org/10.1086%2F380092},
  volume    = {600},
  journal   = {\apj},
  month     = jan,
  publisher = {{IOP} Publishing},
  year      = {2004},
}

@Article{Bressan.etal.1993a,
  author  = {{Bressan}, A. and {Fagotto}, F. and {Bertelli}, G. and {Chiosi}, C.},
  title   = {{Evolutionary sequences of stellar models with new radiative opacities. II - Z = 0.02}},
  pages   = {647--664},
  volume  = {100},
  adsurl  = {http://adsabs.harvard.edu/abs/1993A%26AS..100..647B},
  journal = {\aaps},
  month   = sep,
  year    = {1993},
}

@Article{FalconBarroso.etal.2011a,
  author  = {{Falc{\'o}n-Barroso}, J. and {S{\'a}nchez-Bl{\'a}zquez}, P. and {Vazdekis}, A. and {Ricciardelli}, E. and {Cardiel}, N. and {Cenarro}, A.~J. and {Gorgas}, J. and {Peletier}, R.~F.},
  title   = {{An updated MILES stellar library and stellar population models}},
  doi     = {10.1051/0004-6361/201116842},
  eid     = {A95},
  pages   = {A95},
  volume  = {532},
  adsurl  = {http://adsabs.harvard.edu/abs/2011A%26A...532A..95F},
  journal = {\aap},
  month   = aug,
  year    = {2011},
}

@Article{Whitaker2012,
  author        = {Whitaker, Katherine E. and Kriek, Mariska and {Van Dokkum}, Pieter G. and Bezanson, Rachel and Brammer, Gabriel and Franx, Marijn and Labb{\'{e}}, Ivo},
  title         = {{A large population of massive compact post-starburst galaxies at z {\textgreater} 1: Implications for the size evolution and quenching mechanism of quiescent galaxies}},
  doi           = {10.1088/0004-637X/745/2/179},
  eprint        = {1112.0313},
  issn          = {15384357},
  number        = {2},
  pages         = {1--8},
  volume        = {745},
  archiveprefix = {arXiv},
  arxivid       = {1112.0313},
  journal       = {\apj},
  keywords      = {galaxies: evolution,galaxies: formation,galaxies: high-redshift},
  year          = {2012},
}

@Article{bondi1952spherically,
  author    = {Bondi, HJ},
  title     = {On spherically symmetrical accretion},
  number    = {2},
  pages     = {195--204},
  volume    = {112},
  journal   = {\mnras},
  publisher = {Oxford University Press Oxford, UK},
  year      = {1952},
}

@Article{Gadotti2009,
  author        = {{Gadotti}, Dimitri A.},
  title         = {{Structural properties of pseudo-bulges, classical bulges and elliptical galaxies: a Sloan Digital Sky Survey perspective}},
  doi           = {10.1111/j.1365-2966.2008.14257.x},
  eprint        = {0810.1953},
  number        = {4},
  pages         = {1531--1552},
  volume        = {393},
  adsnote       = {Provided by the SAO/NASA Astrophysics Data System},
  adsurl        = {https://ui.adsabs.harvard.edu/abs/2009MNRAS.393.1531G},
  archiveprefix = {arXiv},
  journal       = {\mnras},
  keywords      = {galaxies: bulges, galaxies: evolution, galaxies: formation, galaxies: fundamental parameters, galaxies: photometry, galaxies: structure, Astrophysics},
  month         = mar,
  primaryclass  = {astro-ph},
  year          = {2009},
}

@Article{Belli2019,
  author        = {Belli, Sirio and Newman, Andrew B. and Ellis, Richard S.},
  title         = {{ MOSFIRE Spectroscopy of Quiescent Galaxies at 1.5 {\textless} z {\textless} 2.5. II. Star Formation Histories and Galaxy Quenching }},
  doi           = {10.3847/1538-4357/ab07af},
  eprint        = {1810.00008},
  issn          = {1538-4357},
  number        = {1},
  pages         = {17},
  url           = {http://dx.doi.org/10.3847/1538-4357/ab07af},
  volume        = {874},
  archiveprefix = {arXiv},
  arxivid       = {1810.00008},
  journal       = {\apj},
  keywords      = {evolution,formation,galaxies,galaxies: evolution,galaxies: formation,galaxies:,high-redshift,stellar content},
  publisher     = {IOP Publishing},
  year          = {2019},
}

@Article{Sanders1988,
  author   = {{Sanders}, D.~B. and {Soifer}, B.~T. and {Elias}, J.~H. and {Madore}, B.~F. and {Matthews}, K. and {Neugebauer}, G. and {Scoville}, N.~Z.},
  title    = {{Ultraluminous Infrared Galaxies and the Origin of Quasars}},
  doi      = {10.1086/165983},
  pages    = {74},
  volume   = {325},
  adsnote  = {Provided by the SAO/NASA Astrophysics Data System},
  adsurl   = {https://ui.adsabs.harvard.edu/abs/1988ApJ...325...74S},
  journal  = {\apj},
  keywords = {Active Galactic Nuclei, Galactic Evolution, Infrared Sources (Astronomy), Quasars, Astronomical Maps, Carbon Monoxide, Emission Spectra, Infrared Photometry, Molecular Gases, Nonthermal Radiation, Spectral Energy Distribution, Astrophysics, GALAXIES: EVOLUTION, GALAXIES: PHOTOMETRY, INFRARED: SOURCES, QUASARS},
  month    = feb,
  year     = {1988},
}

@Article{Almaini2017,
  author        = {Almaini, Omar and Wild, Vivienne and Maltby, David T. and Hartley, William G. and Simpson, Chris and Hatch, Nina A. and McLure, Ross J. and Dunlop, James S. and Rowlands, Kate},
  title         = {{Massive post-starburst galaxies at z {\textgreater} 1 are compact proto-spheroids}},
  doi           = {10.1093/mnras/stx1957},
  eprint        = {1708.00005},
  issn          = {13652966},
  number        = {2},
  pages         = {1401--1412},
  volume        = {472},
  archiveprefix = {arXiv},
  arxivid       = {1708.00005},
  journal       = {\mnras},
  keywords      = {Galaxies: evolution,Galaxies: formation,Galaxies: fundamental parameters,Galaxies: high-redshift,Galaxies: structure},
  year          = {2017},
}

@Article{hopkins2006unified,
  author    = {Hopkins, Philip F and Hernquist, Lars and Cox, Thomas J and Di Matteo, Tiziana and Robertson, Brant and Springel, Volker},
  title     = {A unified, merger-driven model of the origin of starbursts, quasars, the cosmic X-ray background, supermassive black holes, and galaxy spheroids},
  number    = {1},
  pages     = {1},
  volume    = {163},
  journal   = {\aaps},
  publisher = {IOP Publishing},
  year      = {2006},
}

@Article{poggianti2000optical,
  author    = {Poggianti, Bianca M and Wu, Hong},
  title     = {Optical spectral signatures of dusty starburst galaxies},
  number    = {1},
  pages     = {157},
  volume    = {529},
  journal   = {\apj},
  publisher = {IOP Publishing},
  year      = {2000},
}

@Article{blondin1998transition,
  author    = {Blondin, John M and Wright, Eric B and Borkowski, Kazimierz J and Reynolds, Stephen P},
  title     = {Transition to the radiative phase in supernova remnants},
  number    = {1},
  pages     = {342},
  volume    = {500},
  journal   = {\apj},
  publisher = {IOP Publishing},
  year      = {1998},
}

@Article{kennicutt1998star,
  author    = {Kennicutt, Robert C},
  title     = {Star formation in galaxies along the Hubble sequence},
  number    = {1},
  pages     = {189--231},
  volume    = {36},
  journal   = {\araa},
  publisher = {Annual Reviews 4139 El Camino Way, PO Box 10139, Palo Alto, CA 94303-0139, USA},
  year      = {1998},
}

@Article{Lavery1988,
  author   = {{Lavery}, Russell J. and {Henry}, J. Patrick},
  title    = {{Evidence for Galaxy-Galaxy Interactions as an Active Agent of the ``Butcher-Oemler Effect'' at a Redshift of 0.2}},
  doi      = {10.1086/166496},
  pages    = {596},
  volume   = {330},
  adsnote  = {Provided by the SAO/NASA Astrophysics Data System},
  adsurl   = {https://ui.adsabs.harvard.edu/abs/1988ApJ...330..596L},
  journal  = {\apj},
  keywords = {Galactic Clusters, Galactic Evolution, Interacting Galaxies, Emission Spectra, Interactions, Line Spectra, Red Shift, Star Formation, Astrophysics, GALAXIES: CLUSTERING, GALAXIES: EVOLUTION, GALAXIES: INTERACTIONS},
  month    = jul,
  year     = {1988},
}

@Article{goddard2017sdss,
  author    = {Goddard, Daniel and Thomas, Daniel and Maraston, Claudia and Westfall, K and Etherington, James and Riffel, Rogerio and Mallmann, Nicolas D and Zheng, Zheng and Argudo-Fernandez, Maria and Lian, Jianhui and others},
  title     = {SDSS-IV MaNGA: Spatially resolved star formation histories in galaxies as a function of galaxy mass and type},
  number    = {4},
  pages     = {4731--4758},
  volume    = {466},
  journal   = {\mnras},
  publisher = {Oxford University Press},
  year      = {2017},
}

@Article{arnouts2007swire,
  author    = {Arnouts, S and Walcher, CJ and Le F{\`e}vre, O and Zamorani, G and Ilbert, O and Le Brun, V and Pozzetti, L and Bardelli, S and Tresse, L and Zucca, E and others},
  title     = {The SWIRE-VVDS-CFHTLS surveys: stellar mass assembly over the last 10 Gyr. Evidence for a major build up of the red sequence between z= 2 and z= 1},
  number    = {1},
  pages     = {137--150},
  volume    = {476},
  journal   = {\aap},
  publisher = {EDP Sciences},
  year      = {2007},
}

@Article{Sanchez2012,
  author  = {{S\'anchez, S. F.} and {Kennicutt, R. C.} and {Gil de Paz, A.} and {van de Ven, G.} and {V\'{\i}lchez, J. M.} and {Wisotzki, L.} and {Walcher, C. J.} and {Mast, D.} and {et~al.}},
  title   = {CALIFA, the Calar Alto Legacy Integral Field Area survey - I. Survey presentation},
  doi     = {10.1051/0004-6361/201117353},
  pages   = {A8},
  url     = {https://doi.org/10.1051/0004-6361/201117353},
  volume  = {538},
  journal = {\aap},
  year    = {2012},
}

@article{kauffmann2003stellar,
  title={Stellar masses and star formation histories for 105 galaxies from the Sloan Digital Sky Survey},
  author={Kauffmann, Guinevere and Heckman, Timothy M and White, Simon DM and Charlot, St{\'e}phane and Tremonti, Christy and Brinchmann, Jarle and Bruzual, Gustavo and Peng, Eric W and Seibert, Mark and Bernardi, Mariangela and others},
  journal={\mnras},
  volume={341},
  number={1},
  pages={33--53},
  year={2003},
  publisher={The Royal Astronomical Society}
}


@Article{Chang2001,
  author        = {{Chang}, Tzu-Ching and {van Gorkom}, Jacqueline H. and {Zabludoff}, Ann I. and {Zaritsky}, Dennis and {Mihos}, J. Christopher},
  title         = {{A Search for H I in E+A Galaxies}},
  doi           = {10.1086/319959},
  eprint        = {astro-ph/0101353},
  number        = {4},
  pages         = {1965--1973},
  volume        = {121},
  adsnote       = {Provided by the SAO/NASA Astrophysics Data System},
  adsurl        = {https://ui.adsabs.harvard.edu/abs/2001AJ....121.1965C},
  archiveprefix = {arXiv},
  journal       = {\aj},
  keywords      = {Galaxies: Evolution, Astrophysics},
  month         = apr,
  primaryclass  = {astro-ph},
  year          = {2001},
}

@Article{hu2014sphgal,
  author    = {Hu, Chia-Yu and Naab, Thorsten and Walch, Stefanie and Moster, Benjamin P and Oser, Ludwig},
  title     = {SPHGal: smoothed particle hydrodynamics with improved accuracy for galaxy simulations},
  number    = {2},
  pages     = {1173--1191},
  volume    = {443},
  journal   = {\mnras},
  publisher = {Oxford University Press},
  year      = {2014},
}

@Article{springel2005cosmological,
  author    = {Springel, Volker},
  title     = {The cosmological simulation code GADGET-2},
  number    = {4},
  pages     = {1105--1134},
  volume    = {364},
  journal   = {\mnras},
  publisher = {The Royal Astronomical Society},
  year      = {2005},
}

@Article{Springel2005BHmodel,
  author   = {Springel, Volker and {Di Matteo}, Tiziana and Hernquist, Lars},
  title    = {{Modelling feedback from stars and black holes in galaxy mergers}},
  doi      = {10.1111/j.1365-2966.2005.09238.x},
  issn     = {00358711},
  number   = {3},
  pages    = {776--794},
  volume   = {361},
  journal  = {\mnras},
  keywords = {Galaxies: active,Galaxies: interactions,Galaxies: starburst,Galaxies: structure,Methods: numerical},
  year     = {2005},
}

@Article{Girardi.etal.1996a,
  author  = {{Girardi}, L. and {Bressan}, A. and {Chiosi}, C. and {Bertelli}, G. and {Nasi}, E.},
  title   = {{Evolutionary sequences of stellar models with new radiative opacities. VI. Z=0.0001.}},
  pages   = {113--125},
  volume  = {117},
  adsurl  = {http://adsabs.harvard.edu/abs/1996A%26AS..117..113G},
  journal = {\aaps},
  month   = may,
  year    = {1996},
}

@Article{Alongi.etal.1993a,
  author  = {{Alongi}, M. and {Bertelli}, G. and {Bressan}, A. and {Chiosi}, C. and {Fagotto}, F. and {Greggio}, L. and {Nasi}, E.},
  title   = {{Evolutionary sequences of stellar models with semiconvection and convective overshoot. I - Z = 0.008}},
  pages   = {851--871},
  volume  = {97},
  adsurl  = {http://adsabs.harvard.edu/abs/1993A%26AS...97..851A},
  journal = {\aaps},
  month   = mar,
  year    = {1993},
}

@Article{DiMatteo2005a,
  author        = {{Di Matteo}, Tiziana and Springel, Volker and Ilernquist, Lars},
  title         = {{Energy input from quasars regulates the growth and activity of black holes and their host galaxies}},
  doi           = {10.1038/nature03335},
  eprint        = {0809.3399},
  issn          = {00280836},
  number        = {7026},
  pages         = {604--607},
  url           = {http://www.ncbi.nlm.nih.gov/pubmed/15703739 http://arxiv.org/abs/1810.00882 http://arxiv.org/abs/1901.01975},
  volume        = {433},
  archiveprefix = {arXiv},
  arxivid       = {0809.3399},
  journal       = {\nat},
  keywords      = {1 i n t,Black hole physics,Cosmology: theory,Galaxies: active,Galaxies: evolution,Galaxies: formation,Galaxies: interactions,Galaxies: nuclei,Galaxies: star formation,Galaxies: starburst,Galaxies: structure,Galaxies:Formation,Methods: numerical,Methods:Hy-drodynamic simulations,Quasars:General,active,diversity present,ever since the first,evolution,galaxies,galaxies:,galaxies: active,galaxies: interactions,ics and dynamics,interactions,ism,kinemat-,kinematics and dynamics,large-scale surveys revealed the,nuclei,ro d u c,star formation,starburst,t i o n},
  pmid          = {15703739},
  primaryclass  = {astro-ph},
  publisher     = {IOP Publishing},
  year          = {2005},
}

@Article{wild2007bursty,
  author    = {Wild, Vivienne and Kauffmann, Guinevere and Heckman, Tim and Charlot, St{\'e}phane and Lemson, Gerard and Brinchmann, Jarle and Reichard, Tim and Pasquali, Anna},
  title     = {Bursty stellar populations and obscured active galactic nuclei in galaxy bulges},
  number    = {2},
  pages     = {543--572},
  volume    = {381},
  journal   = {\mnras},
  publisher = {The Royal Astronomical Society},
  year      = {2007},
}

@Article{Wiersma2009,
  author        = {{Wiersma}, Robert P.~C. and {Schaye}, Joop and {Smith}, Britton D.},
  title         = {{The effect of photoionization on the cooling rates of enriched, astrophysical plasmas}},
  doi           = {10.1111/j.1365-2966.2008.14191.x},
  eprint        = {0807.3748},
  number        = {1},
  pages         = {99--107},
  volume        = {393},
  adsnote       = {Provided by the SAO/NASA Astrophysics Data System},
  adsurl        = {https://ui.adsabs.harvard.edu/abs/2009MNRAS.393...99W},
  archiveprefix = {arXiv},
  journal       = {\mnras},
  keywords      = {atomic processes, plasmas, cooling flows, galaxies: formation, intergalactic medium, Astrophysics},
  month         = feb,
  primaryclass  = {astro-ph},
  year          = {2009},
}

@Article{Rowlands2018SDSS,
  author        = {Rowlands, K. and Heckman, T. and Wild, V. and Zakamska, N. L. and Rodriguez-Gomez, V. and Barrera-Ballesteros, J. and Lotz, J. and Thilker, D. and Andrews, B. H. and Boquien, M. and Brinkmann, J. and Brownstein, J. R. and Hwang, H. C. and Smethurst, R.},
  title         = {{SDSS-IV MaNGA: Spatially resolved star formation histories and the connection to galaxy physical properties}},
  doi           = {10.1093/MNRAS/STY1916},
  eprint        = {1807.06066},
  issn          = {13652966},
  number        = {2},
  pages         = {2544--2561},
  volume        = {480},
  archiveprefix = {arXiv},
  arxivid       = {1807.06066},
  journal       = {\mnras},
  keywords      = {Galaxies: ISM- galaxies: starburst,Galaxies: abundances,Galaxies: evolution,Galaxies: interactions,Galaxies: star formation},
  publisher     = {Oxford University Press},
  year          = {2018},
}

@Article{maoz2011nearby,
  author    = {Maoz, Dan and Mannucci, Filippo and Li, Weidong and Filippenko, Alexei V and Valle, Massimo Della and Panagia, Nino},
  title     = {Nearby supernova rates from the Lick Observatory Supernova Search--IV. A recovery method for the delay-time distribution},
  number    = {3},
  pages     = {1508--1521},
  volume    = {412},
  journal   = {\mnras},
  publisher = {Blackwell Publishing Ltd Oxford, UK},
  year      = {2011},
}

@Article{davis2019evolution,
  author    = {Davis, Timothy A and van de Voort, Freeke and Rowlands, Kate and McAlpine, Stuart and Wild, Vivienne and Crain, Robert A},
  title     = {Evolution of the cold gas properties of simulated post-starburst galaxies},
  number    = {2},
  pages     = {2447--2461},
  volume    = {484},
  journal   = {\mnras},
  publisher = {Oxford University Press},
  year      = {2019},
}

@Article{bondi1944mechanism,
  author    = {Bondi, Hermann and Hoyle, Fred},
  title     = {On the mechanism of accretion by stars},
  number    = {5},
  pages     = {273--282},
  volume    = {104},
  journal   = {\mnras},
  publisher = {Narnia},
  year      = {1944},
}

@Article{crenshaw2003mass,
  author    = {Crenshaw, D Michael and Kraemer, Steven B and George, Ian M},
  title     = {Mass loss from the nuclei of active galaxies},
  number    = {1},
  pages     = {117--167},
  volume    = {41},
  journal   = {\araa},
  publisher = {Annual Reviews 4139 El Camino Way, PO Box 10139, Palo Alto, CA 94303-0139, USA},
  year      = {2003},
}

@Article{straatman2014zfourge,
  author    = {Straatman, Caroline MS and Labb{\'e}, Ivo and Spitler, Lee R and Allen, Rebecca and Altieri, Bruno and Brammer, Gabriel B and Dickinson, Mark and Van Dokkum, Pieter and Inami, Hanae and Glazebrook, Karl and others},
  title     = {A substantial population of massive quiescent galaxies at z~ 4 from ZFOURGE},
  number    = {1},
  pages     = {L14},
  volume    = {783},
  journal   = {\apjlett},
  publisher = {IOP Publishing},
  year      = {2014},
}

@Article{Chabrier2003,
  author        = {G Chabrier},
  title         = {Galactic Stellar and Substellar Initial Mass Function},
  pages         = {763--795},
  url           = {http://adsabs.harvard.edu/abs/2003PASP..115..763C},
  volume        = {115},
  date-added    = {2009-02-04 11:03:29 +0000},
  date-modified = {2012-11-13 10:13:15 +0000},
  journal       = {\pasp},
  keywords      = {Galaxies: Luminosity Function, Mass Function, Invited Reviews},
  local-url     = {file://localhost/Users/vw8/Documents/Papers/2003/2003Chabrier.pdf},
  rating        = {0},
  uri           = {papers://CA7D51C5-081B-4531-9A71-5B6FEB4E0EB2/Paper/p249},
  year          = {2003},
}

@Article{Woosley1995,
  author   = {{Woosley}, S.~E. and {Weaver}, Thomas A.},
  title    = {{The Evolution and Explosion of Massive Stars. II. Explosive Hydrodynamics and Nucleosynthesis}},
  doi      = {10.1086/192237},
  pages    = {181},
  volume   = {101},
  adsnote  = {Provided by the SAO/NASA Astrophysics Data System},
  adsurl   = {https://ui.adsabs.harvard.edu/abs/1995ApJS..101..181W},
  journal  = {\apjs},
  keywords = {HYDRODYNAMICS, NUCLEAR REACTIONS, NUCLEOSYNTHESIS, ABUNDANCES, STARS: EVOLUTION, STARS: INTERIORS, STARS: SUPERNOVAE: GENERAL},
  month    = nov,
  year     = {1995},
}

@Article{Tran2004,
  author  = {Tran, Kim‐Vy H. and Franx, Marijn and Illingworth, Garth D. and van Dokkum, Pieter and Kelson, Daniel D. and Magee, Daniel},
  title   = {{ Field E+A Galaxies at Intermediate Redshifts (0.3 {\textless} z {\textless} 1) }},
  doi     = {10.1086/421237},
  issn    = {0004-637X},
  number  = {2},
  pages   = {683--691},
  volume  = {609},
  journal = {\apj},
  year    = {2004},
}

@Article{Bosch2016,
  author        = {van den Bosch, Remco},
  title         = {{Unification of the Fundamental Plane and Super-Massive Black Holes Masses}},
  doi           = {10.3847/0004-637X/831/2/134},
  eprint        = {1606.01246},
  issn          = {1538-4357},
  number        = {2},
  pages         = {1--24},
  url           = {http://arxiv.org/abs/1606.01246{\%}0Ahttp://dx.doi.org/10.3847/0004-637X/831/2/134},
  volume        = {831},
  archiveprefix = {arXiv},
  arxivid       = {1606.01246},
  file          = {:Users/yz69/study/literature/BH mass scaling relation/Bosch{\_}2016{\_}ApJ{\_}831{\_}134.pdf:pdf},
  journal       = {\apj},
  keywords      = {1,bulges,catalogs,dynamical scaling relations,fi gure set,fundamental parameters,galaxies,galaxies: bulges,galaxies: fundamental parameters,galaxies: kinematics and dynamics,gravitation,kinematics and dynamics,machine-readable tables,quasars,quasars: supermassive black holes,supermassive black holes,supporting material},
  publisher     = {IOP Publishing},
  year          = {2016},
}

@Article{bell2004nearly,
  author    = {Bell, Eric F and Wolf, Christian and Meisenheimer, Klaus and Rix, Hans-Walter and Borch, Andrea and Dye, Simon and Kleinheinrich, Martina and Wisotzki, Lutz and McIntosh, Daniel H},
  title     = {Nearly 5000 distant early-type galaxies in COMBO-17: a red sequence and its evolution since z\~{} 1},
  number    = {2},
  pages     = {752},
  volume    = {608},
  journal   = {\apj},
  publisher = {IOP Publishing},
  year      = {2004},
}

@Article{Pacifici2016,
  author        = {Pacifici, Camilla and Kassin, Susan A. and Weiner, Benjamin J. and Holden, Bradford and Gardner, Jonathan P. and Faber, Sandra M. and Ferguson, Henry C. and Koo, David C. and Primack, Joel R. and Bell, Eric F. and Dekel, Avishai and Gawiser, Eric and Giavalisco, Mauro and Rafelski, Marc and Simons, Raymond C. and Barro, Guillermo and Croton, Darren J. and Dav{\'{e}}, Romeel and Fontana, Adriano and Grogin, Norman A. and Koekemoer, Anton M. and Lee, Seong-Kook and Salmon, Brett and Somerville, Rachel and Behroozi, Peter},
  title         = {{the Evolution of Star Formation Histories of Quiescent Galaxies}},
  doi           = {10.3847/0004-637x/832/1/79},
  eprint        = {1609.03572},
  issn          = {1538-4357},
  number        = {1},
  pages         = {79},
  volume        = {832},
  archiveprefix = {arXiv},
  arxivid       = {1609.03572},
  journal       = {\apj},
  keywords      = {evolution,formation,galaxies,statistics,stellar content},
  year          = {2016},
}

@Article{Barbaro1997,
  author        = {{Barbaro}, G. and {Poggianti}, B.~M.},
  title         = {{The determination of the star formation rate in galaxies.}},
  eprint        = {astro-ph/9702129},
  pages         = {490--504},
  volume        = {324},
  adsnote       = {Provided by the SAO/NASA Astrophysics Data System},
  adsurl        = {https://ui.adsabs.harvard.edu/abs/1997A&A...324..490B},
  archiveprefix = {arXiv},
  journal       = {\aap},
  keywords      = {GALAXIES: EVOLUTION, GALAXIES: STELLAR CONTENT, GALAXIES: FUNDAMENTAL PARAMETERS, HII REGIONS, Astrophysics},
  month         = aug,
  primaryclass  = {astro-ph},
  year          = {1997},
}

@Article{poggianti1999star,
  author    = {Poggianti, Bianca M and Smail, Ian and Dressler, Alan and Couch, Warrick J and Barger, Amy J and Butcher, Harvey and Ellis, Richard S and Oemler Jr, Augustus},
  title     = {The star formation histories of galaxies in distant clusters},
  number    = {2},
  pages     = {576},
  volume    = {518},
  journal   = {\apj},
  publisher = {IOP Publishing},
  year      = {1999},
}

@Article{Bekki2005,
  author   = {Bekki, K and Couch, W J and Shioya, Y and Vazdekis, A},
  title    = {{Origin of E+A galaxies -I. Physical properties of E+A galaxies formed from galaxy merging and interaction}},
  doi      = {10.1111/j.1365-2966.2005.08932.x},
  issn     = {00358711},
  number   = {3},
  pages    = {949--965},
  volume   = {359},
  journal  = {\mnras},
  keywords = {Galaxies: elliptical and lenticular,Galaxies: evolution,Galaxies: interactions galaxies: kinematics and dy,Galaxies: starburst,cD},
  year     = {2005},
}

@Article{lahen2018fate,
  author        = {Lah{\'{e}}n, Natalia and Johansson, Peter H. and Rantala, Antti and Naab, Thorsten and Frigo, Matteo},
  title         = {{The fate of the Antennae galaxies}},
  doi           = {10.1093/mnras/sty060-},
  eprint        = {1709.00010},
  issn          = {13652966},
  number        = {3},
  pages         = {3934--3958},
  volume        = {475},
  archiveprefix = {arXiv},
  arxivid       = {1709.00010},
  isbn          = {9781509040964},
  journal       = {\mnras},
  keywords      = {Galaxies: evolution,Galaxies: individual: NGC 4038/4039,Galaxies: kinematics and dynamics,Galaxies: starburst,Methods: numerical},
  publisher     = {Oxford University Press},
  year          = {2018},
}

@Article{shioya2004formation,
  author    = {Shioya, Yasuhiro and Bekki, Kenji and Couch, Warrick J},
  title     = {Formation and Evolution of Red H$\delta$-strong Galaxies in Distant Clusters: Two Different Evolutionary Paths to S0 Galaxies?},
  number    = {2},
  pages     = {654},
  volume    = {601},
  journal   = {\apj},
  publisher = {IOP Publishing},
  year      = {2004},
}

@Article{Maltby2018,
  author        = {Maltby, David T. and Almaini, Omar and Wild, Vivienne and Hatch, Nina A. and Hartley, William G. and Simpson, Chris and Rowlands, Kate and Socolovsky, Miguel},
  title         = {{The structure of post-starburst galaxies at 0.5 {\textless} z {\textless} 2: Evidence for two distinct quenching routes at different epochs}},
  doi           = {10.1093/mnras/sty1794},
  eprint        = {1807.01325},
  issn          = {13652966},
  number        = {1},
  pages         = {381--401},
  volume        = {480},
  archiveprefix = {arXiv},
  arxivid       = {1807.01325},
  journal       = {\mnras},
  keywords      = {Galaxies: evolution,Galaxies: fundamental parameters,Galaxies: high-redshift,Galaxies: structure},
  publisher     = {Oxford University Press},
  year          = {2018},
}

@ARTICLE{Forrest2018,
       author = {{Forrest}, Ben and {Tran}, Kim-Vy H. and {Broussard}, Adam and
         {Cohn}, Jonathan H. and {Kennicutt}, Robert C., Jr. and
         {Papovich}, Casey and {Allen}, Rebecca and {Cowley}, Michael and
         {Glazebrook}, Karl and {Kacprzak}, Glenn G. and
         {Kawinwanichakij}, Lalitwadee and {Nanayakkara}, Themiya and
         {Salmon}, Brett and {Spitler}, Lee R. and {Straatman}, Caroline M.~S.},
        title = "{ZFOURGE: Using Composite Spectral Energy Distributions to Characterize Galaxy Populations at 1 \&lt; z \&lt; 4}",
      journal = {\apj},
     keywords = {galaxies: evolution, galaxies: high-redshift, Astrophysics - Astrophysics of Galaxies},
         year = 2018,
        month = aug,
       volume = {863},
       number = {2},
          eid = {131},
        pages = {131},
          doi = {10.3847/1538-4357/aad232},
archivePrefix = {arXiv},
       eprint = {1807.03785},
 primaryClass = {astro-ph.GA},
       adsurl = {https://ui.adsabs.harvard.edu/abs/2018ApJ...863..131F},
      adsnote = {Provided by the SAO/NASA Astrophysics Data System}
}


@ARTICLE{Alatalo2016,
       author = {{Alatalo}, Katherine and {Cales}, Sabrina L. and {Rich}, Jeffrey A. and
         {Appleton}, Philip N. and {Kewley}, Lisa J. and {Lacy}, Mark and
         {Lanz}, Lauranne and {Medling}, Anne M. and {Nyland}, Kristina},
        title = "{Shocked POststarbust Galaxy Survey. I. Candidate Post-starbust Galaxies with Emission Line Ratios Consistent with Shocks}",
      journal = {\apjs},
     keywords = {catalogs, galaxies: active, galaxies: evolution, galaxies: statistics, Astrophysics - Astrophysics of Galaxies},
         year = 2016,
        month = jun,
       volume = {224},
       number = {2},
          eid = {38},
        pages = {38},
          doi = {10.3847/0067-0049/224/2/38},
archivePrefix = {arXiv},
       eprint = {1601.05085},
 primaryClass = {astro-ph.GA},
       adsurl = {https://ui.adsabs.harvard.edu/abs/2016ApJS..224...38A},
      adsnote = {Provided by the SAO/NASA Astrophysics Data System}
}



@ARTICLE{Maltby2016,
       author = {{Maltby}, David T. and {Almaini}, Omar and {Wild}, Vivienne and
         {Hatch}, Nina A. and {Hartley}, William G. and {Simpson}, Chris and
         {McLure}, Ross J. and {Dunlop}, James and {Rowlands}, Kate and
         {Cirasuolo}, Michele},
        title = "{The identification of post-starburst galaxies at z {\ensuremath{\sim}} 1 using multiwavelength photometry: a spectroscopic verification}",
      journal = {\mnras},
     keywords = {methods: statistical, galaxies: fundamental parameters, galaxies: high-redshift, galaxies: photometry, galaxies: statistics, galaxies: stellar content, Astrophysics - Astrophysics of Galaxies},
         year = 2016,
        month = jun,
       volume = {459},
       number = {1},
        pages = {L114-L118},
          doi = {10.1093/mnrasl/slw057},
archivePrefix = {arXiv},
       eprint = {1603.08941},
 primaryClass = {astro-ph.GA},
       adsurl = {https://ui.adsabs.harvard.edu/abs/2016MNRAS.459L.114M},
      adsnote = {Provided by the SAO/NASA Astrophysics Data System}
}


@Article{barnes1992transformations,
  author  = {Barnes, Joshua E},
  title   = {Transformations of galaxies. I-Mergers of equal-mass stellar disks},
  pages   = {484--507},
  volume  = {393},
  journal = {\apj},
  year    = {1992},
}

@Article{LeBorgne.etal.2003a,
  author  = {{Le Borgne}, J.-F. and {Bruzual}, G. and {Pell{\'o}}, R. and {Lan{\c c}on}, A. and {Rocca-Volmerange}, B. and {Sanahuja}, B. and {Schaerer}, D. and {Soubiran}, C. and {V{\'{\i}}lchez-G{\'o}mez}, R.},
  title   = {{STELIB: A library of stellar spectra at R \~{} 2000}},
  doi     = {10.1051/0004-6361:20030243},
  pages   = {433--442},
  volume  = {402},
  adsurl  = {http://adsabs.harvard.edu/abs/2003A%26A...402..433L},
  journal = {\aap},
  month   = may,
  year    = {2003},
}

@Article{shioya2001spectroscopic,
  author    = {Shioya, Yasuhiro and Bekki, Kenji and Couch, Warrick J},
  title     = {Spectroscopic evolution of dusty starburst galaxies in distant clusters},
  number    = {1},
  pages     = {42},
  volume    = {558},
  journal   = {\apj},
  publisher = {IOP Publishing},
  year      = {2001},
}

@Article{Jin_2014,
  author    = {Shuo-Wen Jin and Qiusheng Gu and Song Huang and Yong Shi and Long-Long Feng},
  title     = {{COLOR}-{MAGNITUDE} {DISTRIBUTION} {OF} {FACE}-{ON} {NEARBY} {GALAXIES} {IN} {SLOAN} {DIGITAL} {SKY} {SURVEY} {DR}7},
  doi       = {10.1088/0004-637x/787/1/63},
  number    = {1},
  pages     = {63},
  url       = {https://doi.org/10.1088%2F0004-637x%2F787%2F1%2F63},
  volume    = {787},
  journal   = {\apj},
  month     = may,
  publisher = {{IOP} Publishing},
  year      = {2014},
}

@Article{faber2007galaxy,
  author    = {Faber, SMea and Willmer, CNA and Wolf, C and Koo, DC and Weiner, BJ and Newman, Jeffrey A and Im, M and Coil, AL and Conroy, C and Cooper, MC and others},
  title     = {Galaxy luminosity functions to z\~{} 1 from DEEP2 and COMBO-17: implications for red galaxy formation},
  number    = {1},
  pages     = {265},
  volume    = {665},
  journal   = {\apj},
  publisher = {IOP Publishing},
  year      = {2007},
}

@Article{Peng2010,
  author   = {Peng, Ying Jie and Lilly, Simon J. and Kova{\v{c}}, Katarina and Bolzonella, Micol and Pozzetti, Lucia and Renzini, Alvio and Zamorani, Gianni and Ilbert, Olivier and Knobel, Christian and Iovino, Angela and Maier, Christian and Cucciati, Olga and Tasca, Lidia and Carollo, C. Marcella and Silverman, John and Kampczyk, Pawel and {De Ravel}, Loic and Sanders, David and Scoville, Nicholas and Contini, Thierry and Mainieri, Vincenzo and Scodeggio, Marco and Kneib, Jean Paul and {Le F{\`{e}}vre}, Olivier and Bardelli, Sandro and Bongiorno, Angela and Caputi, Karina and Coppa, Graziano and {De La Torre}, Sylvain and Franzetti, Paolo and Garilli, Bianca and Lamareille, Fabrice and {Le Borgne}, Jean Francois and {Le Brun}, Vincent and Mignoli, Marco and {Perez Montero}, Enrique and Pello, Roser and Ricciardelli, Elena and Tanaka, Masayuki and Tresse, Laurence and Vergani, Daniela and Welikala, Niraj and Zucca, Elena and Oesch, Pascal and Abbas, Ummi and Barnes, Luke and Bordoloi, Rongmon and Bottini, Dario and Cappi, Alberto and Cassata, Paolo and Cimatti, Andrea and Fumana, Marco and Hasinger, Gunther and Koekemoer, Anton and Leauthaud, Alexei and MacCagni, Dario and Marinoni, Christian and McCracken, Henry and Memeo, Pierdomenico and Meneux, Baptiste and Nair, Preethi and Porciani, Cristiano and Presotto, Valentina and Scaramell, Roberto},
  title    = {{Mass and environment as drivers of galaxy evolution in SDSS and cosmos and the origin of the Schechter function}},
  doi      = {10.1088/0004-637X/721/1/193},
  issn     = {15384357},
  number   = {1},
  pages    = {193--221},
  volume   = {721},
  journal  = {\apj},
  keywords = {Cosmology: observations,Galaxies: active,Galaxies: distances and redshifts,Galaxies: evolution},
  year     = {2010},
}

@Article{Choi2012,
  author        = {Choi, Ena and Ostriker, Jeremiah P. and Naab, Thorsten and Johansson, Peter H. and Somerville, Rachel S. and Ostriker, Jeremiah P. and Naab, Thorsten and Hirschmann, Michaela and Ostriker, Jeremiah P. and Johansson, Peter H. and Moster, Benjamin P.},
  title         = {{Radiative and momentum-based mechanical active galactic nucleus feedback in a three-dimensional galaxy evolution code}},
  doi           = {10.1093/mnras/stu874},
  eprint        = {1809.02143},
  issn          = {13652966},
  number        = {2},
  pages         = {440--453},
  url           = {http://arxiv.org/abs/1809.02143{\%}0Ahttp://dx.doi.org/10.3847/1538-4357/aae076},
  volume        = {442},
  archiveprefix = {arXiv},
  arxivid       = {1809.02143},
  file          = {:Users/yz69/study/literature/BlackHoleSimulation/Choi et al. - 2012 - Radiative and momentum-based mechanical active galactic nucleus feedback in a three-dimensional galaxy evolution co.pdf:pdf},
  journal       = {\mnras},
  keywords      = {Accretion,Black hole physics,Galaxies: active,Galaxies: formation,Galaxies: nuclei,Quasars: general,accretion,accretion discs,accretion disks,black hole physics,evolution,formation,galaxies,galaxies:,galaxies: active,galaxies: evolution,galaxies: formation,galaxies: nuclei,galaxies: starburst,methods,numerical,quasars,quasars: general,structure,supermassive black holes},
  publisher     = {IOP Publishing},
  year          = {2012},
}

@Article{Peng2012,
  author        = {Peng, Ying Jie and Lilly, Simon J. and Renzini, Alvio and Carollo, Marcella},
  title         = {{Mass and environment as drivers of galaxy evolution. II. the quenching of satellite galaxies as the origin of environmental effects}},
  doi           = {10.1088/0004-637X/757/1/4},
  eprint        = {1106.2546},
  issn          = {15384357},
  number        = {1},
  volume        = {757},
  archiveprefix = {arXiv},
  arxivid       = {1106.2546},
  journal       = {\apj},
  keywords      = {galaxies: evolution,galaxies: groups: general,galaxies: luminosity function, mass function},
  year          = {2012},
}

@Article{mo1998formation,
  author    = {Mo, HJ and Mao, Shude and White, Simon DM},
  title     = {The formation of galactic discs},
  number    = {2},
  pages     = {319--336},
  volume    = {295},
  journal   = {\mnras},
  publisher = {Blackwell Science Ltd Oxford, UK},
  year      = {1998},
}

@Article{Sharples2013,
  author  = {{Sharples}, R. and {Bender}, R. and {Agudo Berbel}, A. and {Bezawada}, N. and {Castillo}, R. and {Cirasuolo}, M. and {Davidson}, G. and {Davies}, R. and {Dubbeldam}, M. and {Fairley}, A. and {Finger}, G. and {F{\"o}rster Schreiber}, N. and {Gonte}, F. and {Hess}, A. and {Jung}, I. and {Lewis}, I. and {Lizon}, J. -L. and {Muschielok}, B. and {Pasquini}, L. and {Pirard}, J. and {Popovic}, D. and {Ramsay}, S. and {Rees}, P. and {Richter}, J. and {Riquelme}, M. and {Rodrigues}, M. and {Saviane}, I. and {Schlichter}, J. and {Schmidtobreick}, L. and {Segovia}, A. and {Smette}, A. and {Szeifert}, T. and {van Kesteren}, A. and {Wegner}, M. and {Wiezorrek}, E.},
  title   = {{First Light for the KMOS Multi-Object Integral-Field Spectrometer}},
  pages   = {21--23},
  volume  = {151},
  adsnote = {Provided by the SAO/NASA Astrophysics Data System},
  adsurl  = {https://ui.adsabs.harvard.edu/abs/2013Msngr.151...21S},
  journal = {The Messenger},
  month   = mar,
  year    = {2013},
}

@Article{naab2003statistical,
  author    = {Naab, Thorsten and Burkert, Andreas},
  title     = {Statistical Properties of Collisionless Equal-and Unequal-Mass Merger Remnants of Disk Galaxies},
  number    = {2},
  pages     = {893},
  volume    = {597},
  journal   = {\apj},
  publisher = {IOP Publishing},
  year      = {2003},
}

@Article{wong2012galaxy,
  author    = {Wong, O Ivy and Schawinski, Kevin and Kaviraj, Sugata and Masters, KL and Nichol, RC and Lintott, C and Keel, William C and Darg, D and Bamford, Steven P and Andreescu, D and others},
  title     = {Galaxy Zoo: building the low-mass end of the red sequence with local post-starburst galaxies},
  number    = {2},
  pages     = {1684--1692},
  volume    = {420},
  journal   = {\mnras},
  publisher = {Blackwell Publishing Ltd Oxford, UK},
  year      = {2012},
}

@Article{wild2010timing,
  author    = {Wild, Vivienne and Heckman, Timothy and Charlot, St{\'e}phane},
  title     = {Timing the starburst--AGN connection},
  number    = {2},
  pages     = {933--947},
  volume    = {405},
  journal   = {\mnras},
  publisher = {Blackwell Publishing Ltd Oxford, UK},
  year      = {2010},
}

@Article{Wild2014b,
  author        = {Wild, Vivienne and Almaini, Omar and Cirasuolo, Michele and Dunlop, Jim and McLure, Ross and Bowler, Rebecca and Ferreira, Joao and Bradshaw, Emma and Chuter, Robert and Hartley, Will},
  title         = {{A new method for classifying galaxy SEDs from multiwavelength photometry}},
  doi           = {10.1093/mnras/stu212},
  eprint        = {1401.7878},
  issn          = {13652966},
  number        = {2},
  pages         = {1880--1898},
  volume        = {440},
  archiveprefix = {arXiv},
  arxivid       = {1401.7878},
  journal       = {\mnras},
  keywords      = {Galaxies: fundamental parameters,Galaxies: luminosity function, mass function,Galaxies: photometry,Galaxies: statistics,Galaxies: stellar content,Methods: statistical},
  year          = {2014},
}

@Article{wild2009post,
  author        = {Wild, Vivienne and Walcher, C. Jakob and Johansson, Peter H. and Tresse, Laurence and Charlot, St{\'{e}}phane and Pollo, Agnieszka and {Le F{\`{e}}vre}, Olivier and {De Ravel}, Loic},
  title         = {{Post-starburst galaxies: More than just an interesting curiosity}},
  doi           = {10.1111/j.1365-2966.2009.14537.x},
  eprint        = {0810.5122},
  issn          = {00358711},
  number        = {1},
  pages         = {144--159},
  volume        = {395},
  archiveprefix = {arXiv},
  arxivid       = {0810.5122},
  journal       = {\mnras},
  keywords      = {Galaxies: evolution,Galaxies: high redshift,Galaxies: stellar content,Methods: statistical},
  publisher     = {Blackwell Publishing Ltd Oxford, UK},
  year          = {2009},
}

@InProceedings{hoyle1939effect,
  author       = {Hoyle, Fred and Lyttleton, Raymond A},
  booktitle    = {Mathematical Proceedings of the Cambridge Philosophical Society},
  title        = {The effect of interstellar matter on climatic variation},
  number       = {3},
  organization = {Cambridge University Press},
  pages        = {405--415},
  volume       = {35},
  year         = {1939},
}

@Article{goto2003hdelta,
  author    = {Goto, Tomotsugu and Nichol, Robert C and Okamura, Sadanori and Sekiguchi, Maki and Miller, Christopher J and Bernardi, Mariangela and Hopkins, Andrew and Tremonti, Christy and Connolly, Andrew and Castander, Francisco J and others},
  title     = {H$\delta$-Strong Galaxies in the Sloan Digital Sky Survey: I. The Catalog},
  number    = {4},
  pages     = {771--787},
  volume    = {55},
  journal   = {\pasj},
  publisher = {Oxford Universtiy Press Oxford, UK},
  year      = {2003},
}

@Article{goto2008integrated,
  author    = {Goto, Tomotsugu and Kawai, Atsushi and Shimono, Atsushi and Sugai, Hajime and Yagi, Masafumi and Hattori, Takashi},
  title     = {Integrated field spectroscopy of E+ A (post-starburst) galaxies with the Kyoto tridimensional spectrograph II},
  number    = {3},
  pages     = {1355--1365},
  volume    = {386},
  journal   = {\mnras},
  publisher = {Blackwell Publishing Ltd Oxford, UK},
  year      = {2008},
}

@Article{Martig2009,
  author        = {Martig, Marie and Bournaud, Fr{\'{e}}d{\'{e}}ric and Teyssier, Romain and Dekel, Avishai},
  title         = {{Morphological quenching of star formation: Making early-type galaxies red}},
  doi           = {10.1088/0004-637X/707/1/250},
  eprint        = {0905.4669},
  issn          = {15384357},
  number        = {1},
  pages         = {250--267},
  volume        = {707},
  archiveprefix = {arXiv},
  arxivid       = {0905.4669},
  journal       = {\apj},
  keywords      = {Galaxies: elliptical and lenticular, cD,Galaxies: evolution,Galaxies: formation},
  year          = {2009},
}
@article{yan2006,
  title={On the origin of [O II] emission in red-sequence and poststarburst galaxies},
  author={Yan, Renbin and Newman, Jeffrey A and Faber, SM and Konidaris, Nicholas and Koo, David and Davis, Marc},
  journal={\apj},
  volume={648},
  number={1},
  pages={281},
  year={2006},
  publisher={IOP Publishing}
}

@Article{Owers2019,
  author        = {Owers, Matt S. and Hudson, Michael J. and Oman, Kyle A. and Bland-Hawthorn, Joss and Brough, S. and Bryant, Julia J. and Cortese, Luca and Couch, Warrick J. and Croom, Scott M. and van de Sande, Jesse and Federrath, Christoph and Groves, Brent and Hopkins, A. M. and Lawrence, J. S. and Lorente, Nuria P. F. and McDermid, Richard M. and Medling, Anne M. and Richards, Samuel N. and Scott, Nicholas and Taranu, Dan S. and Welker, Charlotte and Yi, Sukyoung K.},
  title         = {{The SAMI Galaxy Survey: Quenching of Star Formation in Clusters I. Transition Galaxies}},
  doi           = {10.3847/1538-4357/ab0201},
  eprint        = {1901.08185},
  issn          = {1538-4357},
  number        = {1},
  pages         = {52},
  url           = {http://dx.doi.org/10.3847/1538-4357/ab0201},
  volume        = {873},
  archiveprefix = {arXiv},
  arxivid       = {1901.08185},
  journal       = {\apj},
  keywords      = {clusters,evolution,galaxies,galaxies: clusters: general,galaxies: evolution,ga,general,star formation},
  publisher     = {IOP Publishing},
  year          = {2019},
}

@Article{karakas2010updated,
  author    = {Karakas, Amanda I},
  title     = {Updated stellar yields from asymptotic giant branch models},
  number    = {3},
  pages     = {1413--1425},
  volume    = {403},
  journal   = {\mnras},
  publisher = {The Royal Astronomical Society},
  year      = {2010},
}

@Article{balogh2005near,
  author    = {Balogh, Michael L and Miller, Chris and Nichol, Robert and Zabludoff, Ann and Goto, Tomo},
  title     = {Near-infrared imaging of 222 nearby H$\delta$-strong galaxies from the Sloan Digital Sky Survey},
  number    = {2},
  pages     = {587--609},
  volume    = {360},
  journal   = {\mnras},
  publisher = {Blackwell Science Ltd Oxford, UK},
  year      = {2005},
}

@Article{mckee1977theory,
  author  = {McKee, Christopher F and Ostriker, Jeremiah P},
  title   = {A theory of the interstellar medium-Three components regulated by supernova explosions in an inhomogeneous substrate},
  pages   = {148--169},
  volume  = {218},
  journal = {\apj},
  year    = {1977},
}

@Article{Law2016,
  author        = {Law, David R. and Cherinka, Brian and Yan, Renbin and Andrews, Brett H. and Bershady, Matthew A. and Bizyaev, Dmitry and Blanc, Guillermo A. and Blanton, Michael R. and Bolton, Adam S. and Brownstein, Joel R. and Bundy, Kevin and Chen, Yanmei and Drory, Niv and D'Souza, Richard and Fu, Hai and Jones, Amy and Kauffmann, Guinevere and MacDonald, Nicholas and Masters, Karen L. and Newman, Jeffrey A. and Parejko, John K. and S{\'{a}}nchez-Gallego, Jos{\'{e}} R. and S{\'{a}}nchez, Sebastian F. and Schlegel, David J. and Thomas, Daniel and Wake, David A. and Weijmans, Anne-Marie and Westfall, Kyle B. and Zhang, Kai},
  title         = {{THE DATA REDUCTION PIPELINE FOR THE SDSS-IV MaNGA IFU GALAXY SURVEY}},
  doi           = {10.3847/0004-6256/152/4/83},
  eprint        = {1607.08619},
  issn          = {0004-6256},
  number        = {4},
  pages         = {83},
  url           = {http://dx.doi.org/10.3847/0004-6256/152/4/83},
  volume        = {152},
  archiveprefix = {arXiv},
  arxivid       = {1607.08619},
  journal       = {\aj},
  keywords      = {data analysis,imaging spectroscopy,methods,methods: data analysis,surveys,techniques,techniques: imaging spectroscopy},
  publisher     = {IOP Publishing},
  year          = {2016},
}

@Article{Gonzalez2015,
  author  = {{Gonz\'alez Delgado, R. M.} and {Garc\'{\i}a-Benito, R.} and {P\'erez, E.} and {Cid Fernandes, R.} and {de Amorim, A. L.} and {Cortijo-Ferrero, C.} and {Lacerda, E. A. D.} and {L\'opez Fern\'andez, R.} and {Vale-Asari, N.} and {S\'anchez, S. F.} and {Moll\'a, M.} and {Ruiz-Lara, T.} and {S\'anchez-Bl\'azquez, P.} and {Walcher, C. J.} and {Alves, J.} and {Aguerri, J. A. L.} and {Bekerait\'e, S.} and {Bland-Hawthorn, J.} and {Galbany, L.} and {Gallazzi, A.} and {Husemann, B.} and {Iglesias-P\'aramo, J.} and {Kalinova, V.} and {L\'opez-S\'anchez, A. R.} and {Marino, R. A.} and {M\'arquez, I.} and {Masegosa, J.} and {Mast, D.} and {M\'endez-Abreu, J.} and {Mendoza, A.} and {del Olmo, A.} and {P\'erez, I.} and {Quirrenbach, A.} and {Zibetti, S.} and {CALIFA collaboration}},
  title   = {The CALIFA survey across the Hubble sequence - Spatially resolved stellar population properties in galaxies},
  doi     = {10.1051/0004-6361/201525938},
  pages   = {A103},
  url     = {https://doi.org/10.1051/0004-6361/201525938},
  volume  = {581},
  journal = {\aap},
  year    = {2015},
}

@Article{zabludoff1996environment,
  author        = {{Zabludoff}, Ann I. and {Zaritsky}, Dennis and {Lin}, Huan and {Tucker}, Douglas and {Hashimoto}, Yasuhiro and {Shectman}, Stephen A. and {Oemler}, Augustus and {Kirshner}, Robert P.},
  title         = {{The Environment of ``E+A'' Galaxies}},
  doi           = {10.1086/177495},
  eprint        = {astro-ph/9512058},
  pages         = {104},
  volume        = {466},
  adsnote       = {Provided by the SAO/NASA Astrophysics Data System},
  adsurl        = {https://ui.adsabs.harvard.edu/abs/1996ApJ...466..104Z},
  archiveprefix = {arXiv},
  journal       = {\apj},
  keywords      = {GALAXIES: CLUSTERS: GENERAL, GALAXIES: EVOLUTION, GALAXIES: INTERACTIONS, GALAXIES: STELLAR CONTENT, Astrophysics},
  month         = jul,
  primaryclass  = {astro-ph},
  year          = {1996},
}

@Article{Scannapieco2005,
  author        = {{Scannapieco}, C. and {Tissera}, P.~B. and {White}, S.~D.~M. and {Springel}, V.},
  title         = {{Feedback and metal enrichment in cosmological smoothed particle hydrodynamics simulations - I. A model for chemical enrichment}},
  doi           = {10.1111/j.1365-2966.2005.09574.x},
  eprint        = {astro-ph/0505440},
  number        = {2},
  pages         = {552--564},
  volume        = {364},
  adsnote       = {Provided by the SAO/NASA Astrophysics Data System},
  adsurl        = {https://ui.adsabs.harvard.edu/abs/2005MNRAS.364..552S},
  archiveprefix = {arXiv},
  journal       = {\mnras},
  keywords      = {methods: numerical, galaxies: abundances, galaxies: evolution, galaxies: formation, cosmology: theory, Astrophysics},
  month         = dec,
  primaryclass  = {astro-ph},
  year          = {2005},
}

@Article{madau1998star,
  author    = {Madau, Piero and Pozzetti, Lucia and Dickinson, Mark},
  title     = {The star formation history of field galaxies},
  number    = {1},
  pages     = {106},
  volume    = {498},
  journal   = {\apj},
  publisher = {IOP Publishing},
  year      = {1998},
}

@Article{Scannapieco2006,
  author        = {{Scannapieco}, C. and {Tissera}, P.~B. and {White}, S.~D.~M. and {Springel}, V.},
  title         = {{Feedback and metal enrichment in cosmological SPH simulations - II. A multiphase model with supernova energy feedback}},
  doi           = {10.1111/j.1365-2966.2006.10785.x},
  eprint        = {astro-ph/0604524},
  number        = {3},
  pages         = {1125--1139},
  volume        = {371},
  adsnote       = {Provided by the SAO/NASA Astrophysics Data System},
  adsurl        = {https://ui.adsabs.harvard.edu/abs/2006MNRAS.371.1125S},
  archiveprefix = {arXiv},
  journal       = {\mnras},
  keywords      = {methods: N-body simulations: galaxies: abundances: galaxies: evolution: galaxies: formation: cosmology: theory, methods: N-body simulations, galaxies: abundances, galaxies: evolution, galaxies: formation, cosmology: theory, Astrophysics},
  month         = sep,
  primaryclass  = {astro-ph},
  year          = {2006},
}

@Article{Mihos1994b,
  author   = {{Mihos}, J. Christopher and {Hernquist}, Lars},
  title    = {{Ultraluminous Starbursts in Major Mergers}},
  doi      = {10.1086/187460},
  pages    = {L9},
  volume   = {431},
  adsnote  = {Provided by the SAO/NASA Astrophysics Data System},
  adsurl   = {https://ui.adsabs.harvard.edu/abs/1994ApJ...431L...9M},
  journal  = {\apjl},
  keywords = {Astronomical Models, Disk Galaxies, Galactic Evolution, Interacting Galaxies, Star Formation, Starburst Galaxies, Halos, Hydrodynamics, Stellar Winds, Supernovae, Velocity Distribution, Astrophysics, GALAXIES: INTERACTIONS, GALAXIES: STARBURST, GALAXIES: EVOLUTION, GALAXIES: STRUCTURE},
  month    = aug,
  year     = {1994},
}

@Article{Aumer2013,
  author        = {{Aumer}, Michael and {White}, Simon D.~M. and {Naab}, Thorsten and {Scannapieco}, Cecilia},
  title         = {{Towards a more realistic population of bright spiral galaxies in cosmological simulations}},
  doi           = {10.1093/mnras/stt1230},
  eprint        = {1304.1559},
  number        = {4},
  pages         = {3142--3164},
  volume        = {434},
  adsnote       = {Provided by the SAO/NASA Astrophysics Data System},
  adsurl        = {https://ui.adsabs.harvard.edu/abs/2013MNRAS.434.3142A},
  archiveprefix = {arXiv},
  journal       = {\mnras},
  keywords      = {methods: numerical, galaxies: evolution, galaxies: formation, galaxies: kinematics and dynamics, galaxies: structure, Astrophysics - Galaxy Astrophysics, Astrophysics - Cosmology and Extragalactic Astrophysics},
  month         = oct,
  primaryclass  = {astro-ph.GA},
  year          = {2013},
}

@Article{quintero2004selection,
  author    = {Quintero, Alejandro D and Hogg, David W and Blanton, Michael R and Schlegel, David J and Eisenstein, Daniel J and Gunn, James E and Brinkmann, J and Fukugita, Masataka and Glazebrook, Karl and Goto, Tomotsugu},
  title     = {Selection and photometric properties of K+ A galaxies},
  number    = {1},
  pages     = {190},
  volume    = {602},
  journal   = {\apj},
  publisher = {IOP Publishing},
  year      = {2004},
}

@Article{Johansson2009equal,
  author        = {Johansson, Peter H. and Naab, Thorsten and Burkert, Andreas},
  title         = {{Equal- and unequal-mass mergers of disk and elliptical galaxies with black holes}},
  doi           = {10.1088/0004-637X/690/1/802},
  eprint        = {0809.3399},
  issn          = {15384357},
  number        = {1},
  pages         = {802--821},
  volume        = {690},
  archiveprefix = {arXiv},
  arxivid       = {0809.3399},
  journal       = {\apj},
  keywords      = {Galaxies: active,Galaxies: evolution,Galaxies: formation,Galaxies: interactions,Methods: numerical},
  year          = {2009},
}

@Article{shakura1973black,
  author  = {Shakura, N Iꎬ and Sunyaev, Rashid Alievich},
  title   = {Black holes in binary systems. Observational appearance.},
  pages   = {337--355},
  volume  = {24},
  journal = {\aap},
  year    = {1973},
}

@Article{kilian1994galactic,
  author  = {Kilian-Montenbruck, J and Gehren, T and Nissen, PE},
  title   = {The galactic distribution of chemical elements as derived from B-stars in open clusters. 2: NGC 6611, S 285, and S 289},
  pages   = {757--764},
  volume  = {291},
  journal = {\aap},
  year    = {1994},
}

@Article{moe2009quasar,
  author    = {Moe, Maxwell and Arav, Nahum and Bautista, Manuel A and Korista, Kirk T},
  title     = {Quasar outflow contribution to AGN feedback: Observations of QSO SDSS J0838+ 2955},
  number    = {1},
  pages     = {525},
  volume    = {706},
  journal   = {\apj},
  publisher = {IOP Publishing},
  year      = {2009},
}

@Article{Rowlands2018GAMA,
  author        = {Rowlands, K. and Wild, V. and Bourne, N. and Bremer, M. and Brough, S. and Driver, S. P. and Hopkins, A. M. and Owers, M. S. and Phillipps, S. and Pimbblet, K. and Sansom, A. E. and Wang, L. and Alpaslan, M. and Bland-Hawthorn, J. and Colless, M. and Holwerda, B. W. and Taylor, E. N.},
  title         = {{Galaxy And Mass Assembly (GAMA): The mechanisms for quiescent galaxy formation at z {\textless} 1}},
  doi           = {10.1093/mnras/stx1903},
  eprint        = {1707.07989},
  issn          = {13652966},
  number        = {1},
  pages         = {1168--1185},
  volume        = {473},
  archiveprefix = {arXiv},
  arxivid       = {1707.07989},
  journal       = {\mnras},
  keywords      = {Galaxies: evolution,Galaxies: interactions,Galaxies: luminosity function,Galaxies: star formation,Galaxies: starburst,Galaxies: statistics,Mass function},
  year          = {2018},
}

@Article{Croom2012,
  author        = {{Croom}, Scott M. and {Lawrence}, Jon S. and {Bland-Hawthorn}, Joss and {Bryant}, Julia J. and {Fogarty}, Lisa and {Richards}, Samuel and {Goodwin}, Michael and {Farrell}, Tony and {Miziarski}, Stan and {Heald}, Ron and {Jones}, D. Heath and {Lee}, Steve and {Colless}, Matthew and {Brough}, Sarah and {Hopkins}, Andrew M. and {Bauer}, Amanda E. and {Birchall}, Michael N. and {Ellis}, Simon and {Horton}, Anthony and {Leon-Saval}, Sergio and {Lewis}, Geraint and {L{\'o}pez-S{\'a}nchez}, {\'A}. R. and {Min}, Seong-Sik and {Trinh}, Christopher and {Trowland}, Holly},
  title         = {{The Sydney-AAO Multi-object Integral field spectrograph}},
  doi           = {10.1111/j.1365-2966.2011.20365.x},
  eprint        = {1112.3367},
  number        = {1},
  pages         = {872--893},
  volume        = {421},
  adsnote       = {Provided by the SAO/NASA Astrophysics Data System},
  adsurl        = {https://ui.adsabs.harvard.edu/abs/2012MNRAS.421..872C},
  archiveprefix = {arXiv},
  journal       = {\mnras},
  keywords      = {instrumentation: spectrographs, techniques: imaging spectroscopy, surveys, galaxies: general, galaxies: kinematics and dynamics, Astrophysics - Cosmology and Nongalactic Astrophysics, Astrophysics - Instrumentation and Methods for Astrophysics},
  month         = mar,
  primaryclass  = {astro-ph.CO},
  year          = {2012},
}

@Article{zaritsky1994h,
  author  = {Zaritsky, Dennis and Kennicutt Jr, Robert C and Huchra, John P},
  title   = {H II regions and the abundance properties of spiral galaxies},
  pages   = {87--109},
  volume  = {420},
  journal = {\apj},
  year    = {1994},
}

@Article{Drory2015,
  author        = {{Drory}, N. and {MacDonald}, N. and {Bershady}, M.~A. and {Bundy}, K. and {Gunn}, J. and {Law}, D.~R. and {Smith}, M. and {Stoll}, R. and {Tremonti}, C.~A. and {Wake}, D.~A. and {Yan}, R. and {Weijmans}, A.~M. and {Byler}, N. and {Cherinka}, B. and {Cope}, F. and {Eigenbrot}, A. and {Harding}, P. and {Holder}, D. and {Huehnerhoff}, J. and {Jaehnig}, K. and {Jansen}, T.~C. and {Klaene}, M. and {Paat}, A.~M. and {Percival}, J. and {Sayres}, C.},
  title         = {{The MaNGA Integral Field Unit Fiber Feed System for the Sloan 2.5 m Telescope}},
  doi           = {10.1088/0004-6256/149/2/77},
  eid           = {77},
  eprint        = {1412.1535},
  number        = {2},
  pages         = {77},
  volume        = {149},
  adsnote       = {Provided by the SAO/NASA Astrophysics Data System},
  adsurl        = {https://ui.adsabs.harvard.edu/abs/2015AJ....149...77D},
  archiveprefix = {arXiv},
  journal       = {\aj},
  keywords      = {galaxies: general, instrumentation: spectrographs, surveys, techniques: imaging spectroscopy, Astrophysics - Instrumentation and Methods for Astrophysics},
  month         = feb,
  primaryclass  = {astro-ph.IM},
  year          = {2015},
}

@Article{charlot2000simple,
  author    = {Charlot, St{\'e}phane and Fall, S Michael},
  title     = {A simple model for the absorption of starlight by dust in galaxies},
  number    = {2},
  pages     = {718},
  volume    = {539},
  journal   = {\apj},
  publisher = {IOP Publishing},
  year      = {2000},
}

@Article{taylor1950formation,
  author    = {Taylor, Geoffrey Ingram},
  title     = {The formation of a blast wave by a very intense explosion I. Theoretical discussion},
  number    = {1065},
  pages     = {159--174},
  volume    = {201},
  journal   = {Proceedings of the Royal Society of London. Series A. Mathematical and Physical Sciences},
  publisher = {The Royal Society London},
  year      = {1950},
}

@Article{snyder2011k+,
  author    = {Snyder, Gregory F and Cox, Thomas J and Hayward, Christopher C and Hernquist, Lars and Jonsson, Patrik},
  title     = {K+ A galaxies as the aftermath of gas-rich mergers: Simulating the evolution of galaxies as seen by spectroscopic surveys},
  number    = {2},
  pages     = {77},
  volume    = {741},
  journal   = {\apj},
  publisher = {IOP Publishing},
  year      = {2011},
}


@ARTICLE{HdA,
       author = {{Worthey}, Guy and {Ottaviani}, D.~L.},
        title = "{H{\ensuremath{\gamma}} and H{\ensuremath{\delta}} Absorption Features in Stars and Stellar Populations}",
      journal = {\apjs},
     keywords = {GALAXIES: EVOLUTION, GALAXIES: STELLAR CONTENT, LINE: PROFILES, STARS: ABUNDANCES, Galaxies: Evolution, Galaxies: Stellar Content, Line: Profiles, Stars: Abundances},
         year = "1997",
        month = "Aug",
       volume = {111},
       number = {2},
        pages = {377-386},
          doi = {10.1086/313021},
       adsurl = {https://ui.adsabs.harvard.edu/abs/1997ApJS..111..377W},
      adsnote = {Provided by the SAO/NASA Astrophysics Data System}
}


@ARTICLE{MaNGA_DAP,
       author = {{Westfall}, Kyle B. and {Cappellari}, Michele and
         {Bershady}, Matthew A. and {Bundy}, Kevin and {Belfiore}, Francesco and
         {Ji}, Xihan and {Law}, David R. and {Schaefer}, Adam and
         {et~al.}},
        title = "{The Data Analysis Pipeline for the SDSS-IV MaNGA IFU Galaxy Survey: Overview}",
      journal = {\aj},
     keywords = {methods: data analysis, techniques: imaging spectroscopy, surveys, galaxies: general, galaxies: fundamental parameters, Astrophysics - Astrophysics of Galaxies},
         year = 2019,
        month = dec,
       volume = {158},
       number = {6},
          eid = {231},
        pages = {231},
          doi = {10.3847/1538-3881/ab44a2},
archivePrefix = {arXiv},
       eprint = {1901.00856},
 primaryClass = {astro-ph.GA},
       adsurl = {https://ui.adsabs.harvard.edu/abs/2019AJ....158..231W},
      adsnote = {Provided by the SAO/NASA Astrophysics Data System}
}


@misc{MaNGGA_DR16,
    title={The Sixteenth Data Release of the Sloan Digital Sky Surveys: First Release from the APOGEE-2 Southern Survey and Full Release of eBOSS Spectra},
    author={{The SDSS collaboration}},
    year={2019},
    eprint={1912.02905},
    archivePrefix={arXiv},
    primaryClass={astro-ph.GA}
}

@ARTICLE{MaNGA_overview,
       author = {{Bundy}, Kevin and {Bershady}, Matthew A. and {Law}, David R. and
         {Yan}, Renbin and {Drory}, Niv and {MacDonald}, Nicholas and
         {Wake}, David A. and {Cherinka}, Brian and
         {S{\'a}nchez-Gallego}, Jos{\'e} R. and {et~al.}},
        title = "{Overview of the SDSS-IV MaNGA Survey: Mapping nearby Galaxies at Apache Point Observatory}",
      journal = {\apj},
     keywords = {galaxies: evolution, galaxies: general, surveys, techniques: imaging spectroscopy, Astrophysics - Astrophysics of Galaxies},
         year = 2015,
        month = jan,
       volume = {798},
       number = {1},
          eid = {7},
        pages = {7},
          doi = {10.1088/0004-637X/798/1/7},
archivePrefix = {arXiv},
       eprint = {1412.1482},
 primaryClass = {astro-ph.GA},
       adsurl = {https://ui.adsabs.harvard.edu/abs/2015ApJ...798....7B},
      adsnote = {Provided by the SAO/NASA Astrophysics Data System}
}

@ARTICLE{MaNGA_DAP_emissionlines,
       author = {{Belfiore}, Francesco and {Westfall}, Kyle B. and {Schaefer}, Adam and
         {Cappellari}, Michele and {Ji}, Xihan and {Bershady}, Matthew A. and
         {Tremonti}, Christy and {Law}, David R. and {et~al.}},
        title = "{The Data Analysis Pipeline for the SDSS-IV MaNGA IFU Galaxy Survey: Emission-line Modeling}",
      journal = {\aj},
     keywords = {methods: data analysis, surveys, techniques: imaging spectroscopy, Astrophysics - Astrophysics of Galaxies},
         year = 2019,
        month = oct,
       volume = {158},
       number = {4},
          eid = {160},
        pages = {160},
          doi = {10.3847/1538-3881/ab3e4e},
archivePrefix = {arXiv},
       eprint = {1901.00866},
 primaryClass = {astro-ph.GA},
       adsurl = {https://ui.adsabs.harvard.edu/abs/2019AJ....158..160B},
      adsnote = {Provided by the SAO/NASA Astrophysics Data System}
}

@ARTICLE{Ilbert2013,
       author = {{Ilbert}, O. and {McCracken}, H.~J. and {Le F{\`e}vre}, O. and
         {Capak}, P. and {Dunlop}, J. and {Karim}, A. and {Renzini}, M.~A. and
         {Caputi}, K. and {et~al.}},
        title = "{Mass assembly in quiescent and star-forming galaxies since $z\sim4 $from UltraVISTA}",
      journal = {\aap},
     keywords = {galaxies: distances and redshifts, galaxies: evolution, galaxies: formation, galaxies: star formation, galaxies: stellar content, Astrophysics - Cosmology and Nongalactic Astrophysics},
         year = 2013,
        month = aug,
       volume = {556},
          eid = {A55},
        pages = {A55},
          doi = {10.1051/0004-6361/201321100},
archivePrefix = {arXiv},
       eprint = {1301.3157},
 primaryClass = {astro-ph.CO},
       adsurl = {https://ui.adsabs.harvard.edu/abs/2013A&A...556A..55I},
      adsnote = {Provided by the SAO/NASA Astrophysics Data System}
}

@ARTICLE{Muzzin2013,
       author = {{Muzzin}, Adam and {Marchesini}, Danilo and {Stefanon}, Mauro and
         {Franx}, Marijn and {McCracken}, Henry J. and {Milvang-Jensen}, Bo and
         {Dunlop}, James S. and {Fynbo}, J.~P.~U. and {et~al.}},
        title = "{The Evolution of the Stellar Mass Functions of Star-forming and Quiescent Galaxies to z = 4 from the COSMOS/UltraVISTA Survey}",
      journal = {\apj},
     keywords = {galaxies: evolution, galaxies: fundamental parameters, galaxies: high-redshift, galaxies: luminosity function, mass function, Astrophysics - Cosmology and Nongalactic Astrophysics},
         year = 2013,
        month = nov,
       volume = {777},
       number = {1},
          eid = {18},
        pages = {18},
          doi = {10.1088/0004-637X/777/1/18},
archivePrefix = {arXiv},
       eprint = {1303.4409},
 primaryClass = {astro-ph.CO},
       adsurl = {https://ui.adsabs.harvard.edu/abs/2013ApJ...777...18M},
      adsnote = {Provided by the SAO/NASA Astrophysics Data System}
}


@ARTICLE{Yano2016,
       author = {{Yano}, Michael and {Kriek}, Mariska and {van der Wel}, Arjen and
         {Whitaker}, Katherine E.},
        title = "{The Relation between Galaxy Structure and Spectral Type: Implications for the Buildup of the Quiescent Galaxy Population at 0.5 \&lt; z \&lt; 2.0}",
      journal = {\apjl},
     keywords = {galaxies: evolution, galaxies: structure, Astrophysics - Astrophysics of Galaxies},
         year = 2016,
        month = feb,
       volume = {817},
       number = {2},
          eid = {L21},
        pages = {L21},
          doi = {10.3847/2041-8205/817/2/L21},
archivePrefix = {arXiv},
       eprint = {1601.02629},
 primaryClass = {astro-ph.GA},
       adsurl = {https://ui.adsabs.harvard.edu/abs/2016ApJ...817L..21Y},
      adsnote = {Provided by the SAO/NASA Astrophysics Data System}
}


@ARTICLE{Socolovsky2018,
       author = {{Socolovsky}, Miguel and {Almaini}, Omar and {Hatch}, Nina A. and
         {Wild}, Vivienne and {Maltby}, David T. and {Hartley}, William G. and
         {Simpson}, Chris},
        title = "{The enhancement of rapidly quenched galaxies in distant clusters at 0.5 \&lt; z \&lt; 1.0}",
      journal = {\mnras},
     keywords = {galaxies: clusters: general, galaxies: evolution, galaxies: high-redshift, galaxies: luminosity function, mass function, Astrophysics - Astrophysics of Galaxies},
         year = 2018,
        month = may,
       volume = {476},
       number = {1},
        pages = {1242-1257},
          doi = {10.1093/mnras/sty312},
archivePrefix = {arXiv},
       eprint = {1802.01593},
 primaryClass = {astro-ph.GA},
       adsurl = {https://ui.adsabs.harvard.edu/abs/2018MNRAS.476.1242S},
      adsnote = {Provided by the SAO/NASA Astrophysics Data System}
}

@ARTICLE{Poggianti2009,
       author = {{Poggianti}, Bianca M. and {Arag{\'o}n-Salamanca}, Alfonso and
         {Zaritsky}, Dennis and {De Lucia}, Gabriella and {Milvang-Jensen}, Bo and
         {Desai}, Vandana and {Jablonka}, Pascale and {Halliday}, Claire and
         {Rudnick}, Gregory and {Varela}, Jesus and {Bamford}, Steven and
         {Best}, Philip and {Clowe}, Douglas and {Noll}, Stefan and
         {Saglia}, Roberto and {Pell{\'o}}, Roser and {Simard}, Luc and
         {von der Linden}, Anja and {White}, Simon},
        title = "{The Environments of Starburst and Post-Starburst Galaxies at z = 0.4-0.8}",
      journal = {\apj},
     keywords = {galaxies: clusters: general, galaxies: evolution, galaxies: stellar content, Astrophysics},
         year = 2009,
        month = mar,
       volume = {693},
       number = {1},
        pages = {112-131},
          doi = {10.1088/0004-637X/693/1/112},
archivePrefix = {arXiv},
       eprint = {0811.0252},
 primaryClass = {astro-ph},
       adsurl = {https://ui.adsabs.harvard.edu/abs/2009ApJ...693..112P},
      adsnote = {Provided by the SAO/NASA Astrophysics Data System}
}

@ARTICLE{Paccagnella2019,
       author = {{Paccagnella}, A. and {Vulcani}, B. and {Poggianti}, B.~M. and
         {Moretti}, A. and {Fritz}, J. and {Gullieuszik}, M. and {Fasano}, G.},
        title = "{The strong correlation between post-starburst fraction and environment}",
      journal = {\mnras},
     keywords = {galaxies: evolution, galaxies: formation, galaxies: general, galaxies: groups: general, Astrophysics - Astrophysics of Galaxies},
         year = 2019,
        month = jan,
       volume = {482},
       number = {1},
        pages = {881-894},
          doi = {10.1093/mnras/sty2728},
archivePrefix = {arXiv},
       eprint = {1805.11475},
 primaryClass = {astro-ph.GA},
       adsurl = {https://ui.adsabs.harvard.edu/abs/2019MNRAS.482..881P},
      adsnote = {Provided by the SAO/NASA Astrophysics Data System}
}


@ARTICLE{wild2016,
       author = {{Wild}, Vivienne and {Almaini}, Omar and {Dunlop}, Jim and
         {Simpson}, Chris and {Rowlands}, Kate and {Bowler}, Rebecca and
         {Maltby}, David and {McLure}, Ross},
        title = "{The evolution of post-starburst galaxies from z=2 to 0.5}",
      journal = {\mnras},
     keywords = {galaxies: evolution, galaxies: formation, galaxies: high-redshift, galaxies: luminosity function, mass function, galaxies: stellar content, Astrophysics - Astrophysics of Galaxies},
         year = 2016,
        month = nov,
       volume = {463},
       number = {1},
        pages = {832-844},
          doi = {10.1093/mnras/stw1996},
archivePrefix = {arXiv},
       eprint = {1608.00588},
 primaryClass = {astro-ph.GA},
       adsurl = {https://ui.adsabs.harvard.edu/abs/2016MNRAS.463..832W},
      adsnote = {Provided by the SAO/NASA Astrophysics Data System}
}


@ARTICLE{vergani2010,
       author = {{Vergani}, D. and {Zamorani}, G. and {Lilly}, S. and {Lamareille}, F. and
         {Halliday}, C. and {Scodeggio}, M. and {Vignali}, C. and {Ciliegi}, P. and
         {et~al.}},
        title = "{K+a galaxies in the zCOSMOS survey . Physical properties of systems in their post-starburst phase}",
      journal = {\aap},
     keywords = {galaxies: evolution, galaxies: fundamental parameters, galaxies: luminosity function, mass function, cosmology: observations, galaxies: formation, Astrophysics - Cosmology and Nongalactic Astrophysics, Astrophysics - Astrophysics of Galaxies},
         year = 2010,
        month = jan,
       volume = {509},
          eid = {A42},
        pages = {A42},
          doi = {10.1051/0004-6361/200912802},
archivePrefix = {arXiv},
       eprint = {0909.1968},
 primaryClass = {astro-ph.CO},
       adsurl = {https://ui.adsabs.harvard.edu/abs/2010A&A...509A..42V},
      adsnote = {Provided by the SAO/NASA Astrophysics Data System}
}


@ARTICLE{couch1987,
       author = {{Couch}, Warrick J. and {Sharples}, R.~M.},
        title = "{A spectroscopic study of three rich galaxy clusters at zeta=0.31.}",
      journal = {\mnras},
     keywords = {Astronomical Spectroscopy, Galactic Clusters, Mass Distribution, Spectrum Analysis, Star Formation, Line Spectra, Mass To Light Ratios, Spiral Galaxies, Velocity Distribution, Astrophysics},
         year = 1987,
        month = dec,
       volume = {229},
        pages = {423-456},
          doi = {10.1093/mnras/229.3.423},
       adsurl = {https://ui.adsabs.harvard.edu/abs/1987MNRAS.229..423C},
      adsnote = {Provided by the SAO/NASA Astrophysics Data System}
}

@ARTICLE{pracy2005,
       author = {{Pracy}, Michael B. and {Couch}, Warrick J. and {Blake}, Chris and
         {Bekki}, Kenji and {Harrison}, Craig and {Colless}, Matthew and
         {Kuntschner}, Harald and {de Propris}, Roberto},
        title = "{Spatially resolved spectroscopy of the E+A galaxies in the z= 0.32 cluster AC 114}",
      journal = {\mnras},
     keywords = {galaxies: clusters: individual: AC 114, galaxies: evolution, galaxies: formation, Astrophysics},
         year = 2005,
        month = jun,
       volume = {359},
       number = {4},
        pages = {1421-1432},
          doi = {10.1111/j.1365-2966.2005.08983.x},
archivePrefix = {arXiv},
       eprint = {astro-ph/0503062},
 primaryClass = {astro-ph},
       adsurl = {https://ui.adsabs.harvard.edu/abs/2005MNRAS.359.1421P},
      adsnote = {Provided by the SAO/NASA Astrophysics Data System}
}




@ARTICLE{pawlik2019,
       author = {{Pawlik}, M.~M. and {McAlpine}, S. and {Trayford}, J.~W. and {Wild}, V. and
         {Bower}, R. and {Crain}, R.~A. and {Schaller}, M. and {Schaye}, J.},
        title = "{The diverse evolutionary pathways of post-starburst galaxies}",
      journal = {Nature Astronomy},
     keywords = {Astrophysics - Astrophysics of Galaxies},
         year = 2019,
        month = mar,
       volume = {3},
        pages = {440-446},
          doi = {10.1038/s41550-019-0725-z},
archivePrefix = {arXiv},
       eprint = {1903.11050},
 primaryClass = {astro-ph.GA},
       adsurl = {https://ui.adsabs.harvard.edu/abs/2019NatAs...3..440P},
      adsnote = {Provided by the SAO/NASA Astrophysics Data System}
}



@ARTICLE{pracy2009,
       author = {{Pracy}, Michael B. and {Kuntschner}, Harald and {Couch}, Warrick J. and
         {Blake}, Chris and {Bekki}, Kenji and {Briggs}, Frank},
        title = "{The kinematics and spatial distribution of stellar populations in E+A galaxies}",
      journal = {\mnras},
     keywords = {galaxies: evolution, galaxies: formation, galaxies: stellar content, Astrophysics - Cosmology and Nongalactic Astrophysics},
         year = 2009,
        month = jul,
       volume = {396},
       number = {3},
        pages = {1349-1369},
          doi = {10.1111/j.1365-2966.2009.14836.x},
archivePrefix = {arXiv},
       eprint = {0903.4719},
 primaryClass = {astro-ph.CO},
       adsurl = {https://ui.adsabs.harvard.edu/abs/2009MNRAS.396.1349P},
      adsnote = {Provided by the SAO/NASA Astrophysics Data System}
}

@ARTICLE{yang2008,
       author = {{Yang}, Yujin and {Zabludoff}, Ann I. and {Zaritsky}, Dennis and
         {Mihos}, J. Christopher},
        title = "{The Detailed Evolution of E+A Galaxies into Early Types}",
      journal = {\apj},
     keywords = {galaxies: evolution, galaxies: interactions, galaxies: starburst, galaxies: star clusters, galaxies: stellar content, Astrophysics},
         year = 2008,
        month = dec,
       volume = {688},
       number = {2},
        pages = {945-971},
          doi = {10.1086/591656},
archivePrefix = {arXiv},
       eprint = {0801.1190},
 primaryClass = {astro-ph},
       adsurl = {https://ui.adsabs.harvard.edu/abs/2008ApJ...688..945Y},
      adsnote = {Provided by the SAO/NASA Astrophysics Data System}
}

@ARTICLE{rodriguez-montero2019,
       author = {{Rodr{\'\i}guez Montero}, Francisco and {Dav{\'e}}, Romeel and
         {Wild}, Vivienne and {Angl{\'e}s-Alc{\'a}zar}, Daniel and
         {Narayanan}, Desika},
        title = "{Mergers, starbursts, and quenching in the SIMBA simulation}",
      journal = {\mnras},
     keywords = {galaxies: evolution, galaxies: formation, Astrophysics - Astrophysics of Galaxies},
         year = 2019,
        month = dec,
       volume = {490},
       number = {2},
        pages = {2139-2154},
          doi = {10.1093/mnras/stz2580},
archivePrefix = {arXiv},
       eprint = {1907.12680},
 primaryClass = {astro-ph.GA},
       adsurl = {https://ui.adsabs.harvard.edu/abs/2019MNRAS.490.2139R},
      adsnote = {Provided by the SAO/NASA Astrophysics Data System}
}

@ARTICLE{rowlands2015,
       author = {{Rowlands}, K. and {Wild}, V. and {Nesvadba}, N. and {Sibthorpe}, B. and
         {Mortier}, A. and {Lehnert}, M. and {da Cunha}, E.},
        title = "{The evolution of the cold interstellar medium in galaxies following a starburst}",
      journal = {\mnras},
     keywords = {dust, extinction, galaxies: evolution, galaxies: interactions, galaxies: ISM, galaxies: starburst, submillimetre: galaxies, Astrophysics - Astrophysics of Galaxies},
         year = 2015,
        month = mar,
       volume = {448},
       number = {1},
        pages = {258-279},
          doi = {10.1093/mnras/stu2714},
archivePrefix = {arXiv},
       eprint = {1412.6090},
 primaryClass = {astro-ph.GA},
       adsurl = {https://ui.adsabs.harvard.edu/abs/2015MNRAS.448..258R},
      adsnote = {Provided by the SAO/NASA Astrophysics Data System}
}

@ARTICLE{french2015,
       author = {{French}, K. Decker and {Yang}, Yujin and {Zabludoff}, Ann and
         {Narayanan}, Desika and {Shirley}, Yancy and {Walter}, Fabian and
         {Smith}, John-David and {Tremonti}, Christy A.},
        title = "{Discovery of Large Molecular Gas Reservoirs in Post-starburst Galaxies}",
      journal = {\apj},
     keywords = {galaxies: evolution, radio lines: galaxies, Astrophysics - Astrophysics of Galaxies},
         year = 2015,
        month = mar,
       volume = {801},
       number = {1},
          eid = {1},
        pages = {1},
          doi = {10.1088/0004-637X/801/1/1},
archivePrefix = {arXiv},
       eprint = {1501.00983},
 primaryClass = {astro-ph.GA},
       adsurl = {https://ui.adsabs.harvard.edu/abs/2015ApJ...801....1F},
      adsnote = {Provided by the SAO/NASA Astrophysics Data System}
}

@ARTICLE{Li2019,
       author = {{Li}, Zhihui and {French}, K. Decker and {Zabludoff}, Ann I. and
         {Ho}, Luis C.},
        title = "{The Evolution of the Interstellar Medium in Post-starburst Galaxies}",
      journal = {\apj},
     keywords = {galaxies: evolution, galaxies: ISM, galaxies: starburst, infrared: galaxies, Astrophysics - Astrophysics of Galaxies, Astrophysics - Solar and Stellar Astrophysics},
         year = 2019,
        month = jul,
       volume = {879},
       number = {2},
          eid = {131},
        pages = {131},
          doi = {10.3847/1538-4357/ab1f68},
archivePrefix = {arXiv},
       eprint = {1906.01890},
 primaryClass = {astro-ph.GA},
       adsurl = {https://ui.adsabs.harvard.edu/abs/2019ApJ...879..131L},
      adsnote = {Provided by the SAO/NASA Astrophysics Data System}
}

@ARTICLE{smercina2018,
       author = {{Smercina}, A. and {Smith}, J.~D.~T. and {Dale}, D.~A. and
         {French}, K.~D. and {Croxall}, K.~V. and {Zhukovska}, S. and
         {Togi}, A. and {Bell}, E.~F. and {Crocker}, A.~F. and {Draine}, B.~T. and
         {Jarrett}, T.~H. and {Tremonti}, C. and {Yang}, Yujin and
         {Zabludoff}, A.~I.},
        title = "{After the Fall: The Dust and Gas in E+A Post-starburst Galaxies}",
      journal = {\apj},
     keywords = {galaxies: evolution, galaxies: interactions, galaxies: ISM, galaxies: starburst, Astrophysics - Astrophysics of Galaxies},
         year = 2018,
        month = mar,
       volume = {855},
       number = {1},
          eid = {51},
        pages = {51},
          doi = {10.3847/1538-4357/aaafcd},
archivePrefix = {arXiv},
       eprint = {1802.04798},
 primaryClass = {astro-ph.GA},
       adsurl = {https://ui.adsabs.harvard.edu/abs/2018ApJ...855...51S},
      adsnote = {Provided by the SAO/NASA Astrophysics Data System}
}

@ARTICLE{voronoi,
       author = {{Cappellari}, Michele and {Copin}, Yannick},
        title = "{Adaptive spatial binning of integral-field spectroscopic data using Voronoi tessellations}",
      journal = {\mnras},
     keywords = {methods: data analysis, techniques: photometric, techniques: spectroscopic, Astrophysics},
         year = 2003,
        month = jun,
       volume = {342},
       number = {2},
        pages = {345-354},
          doi = {10.1046/j.1365-8711.2003.06541.x},
archivePrefix = {arXiv},
       eprint = {astro-ph/0302262},
 primaryClass = {astro-ph},
       adsurl = {https://ui.adsabs.harvard.edu/abs/2003MNRAS.342..345C},
      adsnote = {Provided by the SAO/NASA Astrophysics Data System}
}

